3172 5212
816 519 854 578 10

294 739 427 802 nomina
443 735 482 818 ¹²)
505 738 693 821 promotoris
715 750 746 802 et
768 737 979 824 promouendi
1000 740 1060 801 sub
1076 739 1168 823 signo
1184 740 1371 816 caecitatis,

294 881 358 940 quo
386 857 528 940 alioquin
557 857 647 921 nullo
675 859 770 921 modo
799 854 910 922 ut'atur
938 859 1058 942 absque
1077 860 1206 941 patrum
1228 881 1372 923 assensu.

296 977 390 1040 Diem
405 990 532 1053 autem,
550 976 676 1052 horam,
701 992 858 1062 punctum
873 978 1073 1060 assignatum
1089 978 1241 1057 stlocum
1257 980 1373 1042 exami-

293 1098 346 1160 nis
368 1097 512 1160 notificet
534 1097 723 1159 Doctoribus
745 1120 801 1180 per
823 1096 1027 1173 schedulam,
1055 1119 1119 1161 non
1141 1097 1230 1181 prius
1254 1110 1372 1170 tamen,

294 1239 390 1299 quam
405 1238 561 1300 expensas
575 1217 785 1300 promouendi
808 1218 981 1300 acceperit3
1010 1217 1154 1300 alioquin
1176 1216 1217 1279 de
1239 1239 1296 1279 suo
1312 1218 1373 1280 sol·

293 1346 368 1410 uat;
386 1347 419 1400 et
434 1337 562 1400 tandem
578 1335 750 1399 distribuat
772 1336 908 1399 fideliter
930 1348 962 1400 et
977 1337 1138 1419 reliquum
1151 1338 1187 1398 in
1202 1339 1266 1401 fine
1279 1338 1375 1403 officii

293 1454 411 1518 inferat
432 1455 552 1518 aerario
572 1468 605 1517 ct
626 1455 899 1521 Reformatoribns
922 1456 1077 1518 rationem
1100 1457 1221 1519 reddat.
1262 1459 1301 1520 In
1322 1458 1375 1520 die

296 1575 408 1637 IVON
412 1575 452 1637 IS
469 1574 587 1639 inuitet
603 1576 770 1638 Rectorem
787 1597 861 1638 cum
882 1575 1015 1638 caeteris
1034 1576 1283 1650 Professoribus,
1308 1577 1374 1638 suis

294 1715 368 1756 vero
382 1693 509 1776 publice
524 1695 671 1773 mandet,
694 1695 846 1778 quatinus
867 1695 1016 1758 intersint
1036 1695 1152 1758 missae
1172 1706 1207 1758 et
1228 1694 1371 1771 offerant,

295 1814 380 1875 unde
407 1824 486 1879 tuno
508 1814 538 1876 ei
564 1836 629 1878 una
652 1837 725 1877 cum
751 1815 819 1877 suis
848 1837 866 1877 a
889 1816 1024 1877 Rectore
1047 1814 1248 1898 assignamus
1268 1814 1374 1879 locum

293 1933 442 2017 primum.
832 1925 837 1931 ⁹
1061 1928 1064 1933 ’

565 2280 633 2351 nn
658 2242 1100 2373 Paonouronmvs'.

691 2514 809 2568 can'r
827 2514 989 2569 SEX'I'VM.

379 2774 531 2837 Doctores
547 2774 597 2836 vel
617 2774 817 2843 baccalaurei
839 2776 1002 2839 uniusve}
1023 2775 1190 2858 utriusque
1210 2774 1288 2839 iuris
1304 2796 1373 2860 pro-

292 2905 496 2970 moueantur‚
506 2891 692 2956 similiteret
708 2896 975 2959 recommendatio
991 2895 1242 2959 Licentiatorum
1259 2896 1372 2959 habea-

293 3024 346 3077 tur
365 3037 384 3076 a
406 3013 599 3077 Ductoribus
621 3014 647 3075 F
650 3013 799 3079 acultatis
830 3017 1007 3078 secundum
1027 3036 1137 3078 eorum
1163 3017 1306 3078 ordinem
1328 3016 1375 3081 ita

292 3135 378 3216 quod
393 3135 532 3218 primum
549 3133 720 3196 Ductorem
742 3147 774 3195 et
797 3134 1043 3197 Baccalaureum
1065 3155 1121 3197 seu
1144 3133 1262 3216 primos
1277 3135 1374 3198 simul

292 3265 478 3336 promoueat
497 3252 654 3315 Dominus
670 3253 893 3335 Praepositus,
911 3255 1067 3317 secundos
1083 3255 1244 3329 Decanus,
1264 3254 1373 3317 tertios

293 3371 415 3436 tertius.
453 3374 686 3435 Potesttamen
702 3373 822 3436 Doctor
835 3372 1010 3456 impeditus
1024 3393 1083 3436 vsea
1098 3367 1138 3455 ¹³)
1160 3375 1275 3437 absens
1290 3374 1376 3438 vices

292 3512 367 3555 suas
388 3491 536 3574 delegare
558 3490 650 3555 alteri
670 3492 803 3555 Doctoii
818 3464 1061 3556 Facultatiscui
1076 3494 1158 3571 vult,
1176 3494 1316 3557 maxime
1331 3495 1371 3558 ad

293 3610 482 3695 petitionem
497 3612 723 3692 promouendi‚
750 3611 828 3676 citra
853 3623 960 3676 tamen
975 3614 1206 3698 praeiudicium
1223 3614 1369 3678 aliorum.

293 3731 367 3793 Duo
384 3730 536 3792 Doctores
553 3740 695 3807 tantum,
719 3732 802 3795 sicut
815 3745 849 3796 et
862 3734 928 3796 duo
943 3734 1114 3799 Licentiati
1128 3746 1161 3797 et
1176 3747 1240 3800 tres
1259 3740 1372 3799 bacca-

293 3849 394 3912 iaurci
410 3848 508 3912 simul
524 3850 735 3917 admittantur
751 3863 783 3915 et
803 3874 869 3915 non
891 3853 1010 3936 plures.
1049 3855 1085 3919 Si
1107 3856 1227 3920 Ductor
1248 3876 1371 3939 promo-

297 4032 502 4042 ‘—

366 4136 406 4209 1'2)
428 4138 492 4193 C'od.
505 4157 554 4193 ms.
569 4140 688 4195 nomine.

365 4228 406 4293 13)
428 4225 493 4280 eod.
505 4243 554 4279 ms.
569 4226 627 4279 sed.
