<?xml version="1.0" encoding="UTF-8"?>
<!DOCTYPE html PUBLIC "-//W3C//DTD XHTML 1.0 Transitional//EN"
    "http://www.w3.org/TR/xhtml1/DTD/xhtml1-transitional.dtd">
<html xmlns="http://www.w3.org/1999/xhtml" xml:lang="en" lang="en">
 <head>
  <title>
</title>
<meta http-equiv="Content-Type" content="text/html;charset=utf-8" />
  <meta name='ocr-system' content='tesseract 3.04.00' />
  <meta name='ocr-capabilities' content='ocr_page ocr_carea ocr_par ocr_line ocrx_word'/>
</head>
<body>
  <div class='ocr_page' id='page_1' title='image "./statutafacultat00wittgoog_0012.png"; bbox 0 0 3172 5212; ppageno 0'>
   <div class='ocr_carea' id='block_1_1' title="bbox 723 535 773 579">
    <p class='ocr_par' dir='ltr' id='par_1_1' title="bbox 723 535 773 579">
     <span class='ocr_line' id='line_1_1' title="bbox 723 535 773 579; baseline -0.04 0"><span class='ocrx_word' id='word_1_1' title='bbox 723 535 773 579; x_wconf 90' lang='lat' dir='ltr'>v11</span> 
     </span>
    </p>
   </div>
   <div class='ocr_carea' id='block_1_2' title="bbox 204 734 1287 939">
    <p class='ocr_par' dir='ltr' id='par_1_2' title="bbox 204 734 1287 939">
     <span class='ocr_line' id='line_1_2' title="bbox 204 734 1287 822; baseline -0.002 -19"><span class='ocrx_word' id='word_1_2' title='bbox 204 739 282 815; x_wconf 88' lang='lat' dir='ltr'>scit,</span> <span class='ocrx_word' id='word_1_3' title='bbox 300 748 419 822; x_wconf 88' lang='lat' dir='ltr'>quanta</span> <span class='ocrx_word' id='word_1_4' title='bbox 435 736 477 801; x_wconf 90' lang='lat' dir='ltr'>sit</span> <span class='ocrx_word' id='word_1_5' title='bbox 492 736 592 801; x_wconf 82' lang='lat' dir='ltr'>nostri</span> <span class='ocrx_word' id='word_1_6' title='bbox 613 736 687 801; x_wconf 87' lang='lat' dir='ltr'>libri</span> <span class='ocrx_word' id='word_1_7' title='bbox 709 736 889 800; x_wconf 84' lang='lat' dir='ltr'>similitudo</span> <span class='ocrx_word' id='word_1_8' title='bbox 910 747 1005 820; x_wconf 87' lang='lat' dir='ltr'>atque</span> <span class='ocrx_word' id='word_1_9' title='bbox 1025 734 1287 820; x_wconf 75' lang='lat' dir='ltr'>consanguinitas</span> 
     </span>
     <span class='ocr_line' id='line_1_3' title="bbox 204 855 1287 939; baseline -0.002 -17"><span class='ocrx_word' id='word_1_10' title='bbox 204 880 277 922; x_wconf 89' lang='lat' dir='ltr'>cum</span> <span class='ocrx_word' id='word_1_11' title='bbox 296 857 352 920; x_wconf 93' lang='lat' dir='ltr'>illo</span> <span class='ocrx_word' id='word_1_12' title='bbox 375 855 502 933; x_wconf 89' lang='lat' dir='ltr'>codice,</span> <span class='ocrx_word' id='word_1_13' title='bbox 526 878 621 939; x_wconf 91' lang='lat' dir='ltr'>quem</span> <span class='ocrx_word' id='word_1_14' title='bbox 643 856 776 921; x_wconf 79' lang='lat' dir='ltr'>Carolus</span> <span class='ocrx_word' id='word_1_15' title='bbox 798 856 968 920; x_wconf 88' lang='lat' dir='ltr'>Eduardus</span> <span class='ocrx_word' id='word_1_16' title='bbox 991 856 1287 920; x_wconf 84' lang='lat' dir='ltr'>Foerstemann</span> 
     </span>
    </p>
   </div>
   <div class='ocr_carea' id='block_1_3' title="bbox 203 974 1287 1060">
    <p class='ocr_par' dir='ltr' id='par_1_3' title="bbox 203 974 1287 1060">
     <span class='ocr_line' id='line_1_4' title="bbox 203 974 1287 1060; baseline -0.001 -20"><span class='ocrx_word' id='word_1_17' title='bbox 203 977 236 1040; x_wconf 93' lang='lat' dir='ltr'>in</span> <span class='ocrx_word' id='word_1_18' title='bbox 254 976 410 1040; x_wconf 86' lang='lat' dir='ltr'>tabulario</span> <span class='ocrx_word' id='word_1_19' title='bbox 427 976 607 1039; x_wconf 84' lang='lat' dir='ltr'>academico</span> <span class='ocrx_word' id='word_1_20' title='bbox 623 975 844 1060; x_wconf 88' lang='lat' dir='ltr'>Vitebergensi</span> <span class='ocrx_word' id='word_1_21' title='bbox 860 975 1032 1039; x_wconf 89' lang='lat' dir='ltr'>inuentum</span> <span class='ocrx_word' id='word_1_22' title='bbox 1047 996 1091 1037; x_wconf 82' lang='lat' dir='ltr'>ex·</span> <span class='ocrx_word' id='word_1_23' title='bbox 1101 974 1197 1058; x_wconf 83' lang='lat' dir='ltr'>prisci</span> <span class='ocrx_word' id='word_1_24' title='bbox 1208 986 1287 1040; x_wconf 87' lang='lat' dir='ltr'>tem-</span> 
     </span>
    </p>
   </div>
   <div class='ocr_carea' id='block_1_4' title="bbox 203 1093 1301 4054">
    <p class='ocr_par' dir='ltr' id='par_1_4' title="bbox 203 1093 1289 1658">
     <span class='ocr_line' id='line_1_5' title="bbox 203 1093 1286 1182; baseline 0 -23"><span class='ocrx_word' id='word_1_25' title='bbox 203 1097 289 1182; x_wconf 90' lang='lat' dir='ltr'>poris</span> <span class='ocrx_word' id='word_1_26' title='bbox 305 1100 417 1160; x_wconf 89' lang='lat' dir='ltr'>umbra</span> <span class='ocrx_word' id='word_1_27' title='bbox 431 1108 527 1178; x_wconf 89' lang='lat' dir='ltr'>atque</span> <span class='ocrx_word' id='word_1_28' title='bbox 538 1095 700 1160; x_wconf 90' lang='lat' dir='ltr'>obliuione</span> <span class='ocrx_word' id='word_1_29' title='bbox 715 1097 749 1158; x_wconf 89' lang='lat' dir='ltr'>in</span> <span class='ocrx_word' id='word_1_30' title='bbox 765 1095 869 1158; x_wconf 86' lang='lat' dir='ltr'>lucern</span> <span class='ocrx_word' id='word_1_31' title='bbox 884 1095 991 1159; x_wconf 88' lang='lat' dir='ltr'>denuo</span> <span class='ocrx_word' id='word_1_32' title='bbox 1006 1093 1162 1177; x_wconf 81' lang='lat' dir='ltr'>protraxit</span> <span class='ocrx_word' id='word_1_33' title='bbox 1176 1094 1286 1159; x_wconf 90' lang='lat' dir='ltr'>inscri-</span> 
     </span>
     <span class='ocr_line' id='line_1_6' title="bbox 203 1213 1288 1300; baseline 0 -21"><span class='ocrx_word' id='word_1_34' title='bbox 203 1216 345 1300; x_wconf 90' lang='lat' dir='ltr'>psitque:</span> <span class='ocrx_word' id='word_1_35' title='bbox 367 1215 499 1279; x_wconf 87' lang='lat' dir='ltr'>Librum</span> <span class='ocrx_word' id='word_1_36' title='bbox 511 1215 703 1278; x_wconf 87' lang='lat' dir='ltr'>decanorum</span> <span class='ocrx_word' id='word_1_37' title='bbox 714 1214 875 1279; x_wconf 79' lang='lat' dir='ltr'>facultatis</span> <span class='ocrx_word' id='word_1_38' title='bbox 891 1213 1086 1297; x_wconf 83' lang='lat' dir='ltr'>theologicae</span> <span class='ocrx_word' id='word_1_39' title='bbox 1098 1214 1288 1279; x_wconf 78' lang='lat' dir='ltr'>Academiae</span> 
     </span>
     <span class='ocr_line' id='line_1_7' title="bbox 204 1332 1289 1419; baseline -0.001 -20"><span class='ocrx_word' id='word_1_40' title='bbox 204 1335 444 1419; x_wconf 86' lang='lat' dir='ltr'>Vitebergensis</span> <span class='ocrx_word' id='word_1_41' title='bbox 459 1332 500 1415; x_wconf 79' lang='lat'>⁴),</span> <span class='ocrx_word' id='word_1_42' title='bbox 525 1336 604 1398; x_wconf 89' lang='lat' dir='ltr'>adeo</span> <span class='ocrx_word' id='word_1_43' title='bbox 620 1345 657 1399; x_wconf 92' lang='lat' dir='ltr'>ut</span> <span class='ocrx_word' id='word_1_44' title='bbox 672 1335 811 1410; x_wconf 87' lang='lat' dir='ltr'>diceres,</span> <span class='ocrx_word' id='word_1_45' title='bbox 836 1356 902 1397; x_wconf 90' lang='lat' dir='ltr'>non</span> <span class='ocrx_word' id='word_1_46' title='bbox 923 1333 993 1396; x_wconf 89' lang='lat' dir='ltr'>sine</span> <span class='ocrx_word' id='word_1_47' title='bbox 1016 1333 1084 1397; x_wconf 92' lang='lat' dir='ltr'>iure</span> <span class='ocrx_word' id='word_1_48' title='bbox 1106 1333 1289 1418; x_wconf 90' lang='lat' dir='ltr'>quempiam</span> 
     </span>
     <span class='ocr_line' id='line_1_8' title="bbox 205 1452 1288 1539; baseline -0.001 -22"><span class='ocrx_word' id='word_1_49' title='bbox 205 1469 351 1519; x_wconf 89' lang='lat' dir='ltr'>nostrum</span> <span class='ocrx_word' id='word_1_50' title='bbox 371 1476 497 1539; x_wconf 92' lang='lat' dir='ltr'>quoque</span> <span class='ocrx_word' id='word_1_51' title='bbox 518 1454 636 1518; x_wconf 91' lang='lat' dir='ltr'>librum</span> <span class='ocrx_word' id='word_1_52' title='bbox 658 1455 813 1519; x_wconf 78' lang='lat' dir='ltr'>»Librum</span> <span class='ocrx_word' id='word_1_53' title='bbox 828 1455 1021 1517; x_wconf 89' lang='lat' dir='ltr'>decanorum</span> <span class='ocrx_word' id='word_1_54' title='bbox 1035 1452 1198 1518; x_wconf 84' lang='lat' dir='ltr'>facultatis</span> <span class='ocrx_word' id='word_1_55' title='bbox 1212 1453 1288 1518; x_wconf 90' lang='lat' dir='ltr'>iuri·</span> 
     </span>
     <span class='ocr_line' id='line_1_9' title="bbox 206 1572 664 1658; baseline 0.002 -21"><span class='ocrx_word' id='word_1_56' title='bbox 206 1574 317 1638; x_wconf 82' lang='lat' dir='ltr'>dicae«</span> <span class='ocrx_word' id='word_1_57' title='bbox 333 1572 569 1658; x_wconf 83' lang='lat' dir='ltr'>appellaturum</span> <span class='ocrx_word' id='word_1_58' title='bbox 585 1595 664 1638; x_wconf 89' lang='lat' dir='ltr'>esse.</span> 
     </span>
    </p>

    <p class='ocr_par' dir='ltr' id='par_1_5' title="bbox 206 1680 1301 4054">
     <span class='ocr_line' id='line_1_10' title="bbox 290 1680 1289 1778; baseline 0 -21"><span class='ocrx_word' id='word_1_59' title='bbox 290 1694 404 1778; x_wconf 87' lang='lat' dir='ltr'>Neque</span> <span class='ocrx_word' id='word_1_60' title='bbox 426 1680 528 1771; x_wconf 38' lang='lat' dir='ltr'>uero}</span> <span class='ocrx_word' id='word_1_61' title='bbox 545 1692 573 1758; x_wconf 93' lang='lat' dir='ltr'>si</span> <span class='ocrx_word' id='word_1_62' title='bbox 594 1696 759 1770; x_wconf 89' lang='lat' dir='ltr'>attendas,</span> <span class='ocrx_word' id='word_1_63' title='bbox 786 1704 854 1757; x_wconf 91' lang='lat' dir='ltr'>tam</span> <span class='ocrx_word' id='word_1_64' title='bbox 874 1714 932 1776; x_wconf 88' lang='lat' dir='ltr'>par</span> <span class='ocrx_word' id='word_1_65' title='bbox 953 1702 1001 1756; x_wconf 92' lang='lat' dir='ltr'>est</span> <span class='ocrx_word' id='word_1_66' title='bbox 1027 1691 1194 1778; x_wconf 90' lang='lat' dir='ltr'>utriusque</span> <span class='ocrx_word' id='word_1_67' title='bbox 1216 1694 1289 1758; x_wconf 89' lang='lat' dir='ltr'>libri</span> 
     </span>
     <span class='ocr_line' id='line_1_11' title="bbox 206 1811 1291 1898; baseline 0.002 -22"><span class='ocrx_word' id='word_1_68' title='bbox 206 1811 358 1890; x_wconf 92' lang='lat' dir='ltr'>conditio,</span> <span class='ocrx_word' id='word_1_69' title='bbox 377 1834 474 1895; x_wconf 90' lang='lat' dir='ltr'>quam</span> <span class='ocrx_word' id='word_1_70' title='bbox 488 1812 591 1898; x_wconf 88' lang='lat' dir='ltr'>prima</span> <span class='ocrx_word' id='word_1_71' title='bbox 602 1813 722 1898; x_wconf 86' lang='lat' dir='ltr'>species</span> <span class='ocrx_word' id='word_1_72' title='bbox 738 1813 878 1876; x_wconf 88' lang='lat' dir='ltr'>indicare</span> <span class='ocrx_word' id='word_1_73' title='bbox 889 1811 1029 1876; x_wconf 88' lang='lat' dir='ltr'>uidetur.</span> <span class='ocrx_word' id='word_1_74' title='bbox 1055 1812 1189 1877; x_wconf 89' lang='lat' dir='ltr'>Librum</span> <span class='ocrx_word' id='word_1_75' title='bbox 1203 1813 1291 1879; x_wconf 90' lang='lat' dir='ltr'>enim</span> 
     </span>
     <span class='ocr_line' id='line_1_12' title="bbox 207 1930 1290 2017; baseline 0.002 -21"><span class='ocrx_word' id='word_1_76' title='bbox 207 1932 444 2016; x_wconf 82' lang='lat' dir='ltr'>Theologorum</span> <span class='ocrx_word' id='word_1_77' title='bbox 458 1933 533 1997; x_wconf 90' lang='lat' dir='ltr'>inde</span> <span class='ocrx_word' id='word_1_78' title='bbox 548 1956 567 1997; x_wconf 89' lang='lat' dir='ltr'>a</span> <span class='ocrx_word' id='word_1_79' title='bbox 581 1933 684 2017; x_wconf 89' lang='lat' dir='ltr'>prima</span> <span class='ocrx_word' id='word_1_80' title='bbox 698 1931 920 1996; x_wconf 86' lang='lat' dir='ltr'>uniuersitatis</span> <span class='ocrx_word' id='word_1_81' title='bbox 932 1930 1171 2014; x_wconf 87' lang='lat' dir='ltr'>Vitebergensis</span> <span class='ocrx_word' id='word_1_82' title='bbox 1187 1944 1290 1998; x_wconf 87' lang='lat' dir='ltr'>aetate</span> 
     </span>
     <span class='ocr_line' id='line_1_13' title="bbox 207 2050 1290 2137; baseline 0.001 -21"><span class='ocrx_word' id='word_1_83' title='bbox 207 2052 319 2116; x_wconf 86' lang='lat' dir='ltr'>decani</span> <span class='ocrx_word' id='word_1_84' title='bbox 347 2052 509 2117; x_wconf 84' lang='lat' dir='ltr'>facultatis</span> <span class='ocrx_word' id='word_1_85' title='bbox 531 2051 728 2137; x_wconf 80' lang='lat' dir='ltr'>theologicae</span> <span class='ocrx_word' id='word_1_86' title='bbox 753 2051 872 2135; x_wconf 89' lang='lat' dir='ltr'>aliique</span> <span class='ocrx_word' id='word_1_87' title='bbox 892 2050 958 2115; x_wconf 93' lang='lat' dir='ltr'>suis</span> <span class='ocrx_word' id='word_1_88' title='bbox 980 2051 1122 2136; x_wconf 90' lang='lat' dir='ltr'>ipsorum</span> <span class='ocrx_word' id='word_1_89' title='bbox 1143 2053 1290 2117; x_wconf 88' lang='lat' dir='ltr'>manibus</span> 
     </span>
     <span class='ocr_line' id='line_1_14' title="bbox 207 2170 1290 2258; baseline 0.002 -23"><span class='ocrx_word' id='word_1_90' title='bbox 207 2172 326 2236; x_wconf 85' lang='lat' dir='ltr'>sensim</span> <span class='ocrx_word' id='word_1_91' title='bbox 341 2183 609 2258; x_wconf 86' lang='lat' dir='ltr'>composuerunt,</span> <span class='ocrx_word' id='word_1_92' title='bbox 633 2194 696 2257; x_wconf 93' lang='lat' dir='ltr'>quo</span> <span class='ocrx_word' id='word_1_93' title='bbox 711 2173 831 2236; x_wconf 85' lang='lat' dir='ltr'>factum</span> <span class='ocrx_word' id='word_1_94' title='bbox 847 2181 914 2247; x_wconf 89' lang='lat' dir='ltr'>est,</span> <span class='ocrx_word' id='word_1_95' title='bbox 938 2182 976 2234; x_wconf 90' lang='lat' dir='ltr'>ut</span> <span class='ocrx_word' id='word_1_96' title='bbox 990 2170 1061 2254; x_wconf 85' lang='lat' dir='ltr'>ipsa</span> <span class='ocrx_word' id='word_1_97' title='bbox 1075 2171 1215 2254; x_wconf 88' lang='lat' dir='ltr'>genuina</span> <span class='ocrx_word' id='word_1_98' title='bbox 1230 2173 1290 2238; x_wconf 90' lang='lat' dir='ltr'>for·</span> 
     </span>
     <span class='ocr_line' id='line_1_15' title="bbox 208 2290 1290 2378; baseline 0.001 -22"><span class='ocrx_word' id='word_1_99' title='bbox 208 2314 260 2356; x_wconf 87' lang='lat' dir='ltr'>ma</span> <span class='ocrx_word' id='word_1_100' title='bbox 274 2293 392 2357; x_wconf 89' lang='lat' dir='ltr'>nostris</span> <span class='ocrx_word' id='word_1_101' title='bbox 409 2292 604 2378; x_wconf 88' lang='lat' dir='ltr'>temporibus</span> <span class='ocrx_word' id='word_1_102' title='bbox 619 2293 820 2376; x_wconf 88' lang='lat' dir='ltr'>proderetur:</span> <span class='ocrx_word' id='word_1_103' title='bbox 839 2290 873 2354; x_wconf 90' lang='lat' dir='ltr'>in</span> <span class='ocrx_word' id='word_1_104' title='bbox 885 2290 967 2355; x_wconf 91' lang='lat' dir='ltr'>libro</span> <span class='ocrx_word' id='word_1_105' title='bbox 978 2292 1115 2355; x_wconf 77' lang='lat' dir='ltr'>ICt⁰r¹1m</span> <span class='ocrx_word' id='word_1_106' title='bbox 1126 2292 1290 2375; x_wconf 89' lang='lat' dir='ltr'>posteriori</span> 
     </span>
     <span class='ocr_line' id='line_1_16' title="bbox 209 2410 1292 2498; baseline 0.002 -23"><span class='ocrx_word' id='word_1_107' title='bbox 209 2425 350 2496; x_wconf 90' lang='lat' dir='ltr'>tempore</span> <span class='ocrx_word' id='word_1_108' title='bbox 365 2417 465 2494; x_wconf 85' lang='lat' dir='ltr'>(anno</span> <span class='ocrx_word' id='word_1_109' title='bbox 485 2418 580 2494; x_wconf 81' lang='grc'>1646)</span> <span class='ocrx_word' id='word_1_110' title='bbox 596 2435 614 2475; x_wconf 89' lang='lat' dir='ltr'>a</span> <span class='ocrx_word' id='word_1_111' title='bbox 630 2410 767 2476; x_wconf 90' lang='lat' dir='ltr'>Ieremia</span> <span class='ocrx_word' id='word_1_112' title='bbox 781 2413 994 2476; x_wconf 88' lang='lat' dir='ltr'>Reusnero</span> <span class='ocrx_word' id='word_1_113' title='bbox 1009 2410 1136 2497; x_wconf 90' lang='lat' dir='ltr'>incepto</span> <span class='ocrx_word' id='word_1_114' title='bbox 1150 2413 1292 2498; x_wconf 89' lang='lat' dir='ltr'>priorum</span> 
     </span>
     <span class='ocr_line' id='line_1_17' title="bbox 209 2531 1289 2617; baseline 0.001 -22"><span class='ocrx_word' id='word_1_115' title='bbox 209 2542 392 2615; x_wconf 89' lang='lat' dir='ltr'>temporum</span> <span class='ocrx_word' id='word_1_116' title='bbox 406 2544 616 2596; x_wconf 87' lang='lat' dir='ltr'>monumenta</span> <span class='ocrx_word' id='word_1_117' title='bbox 631 2531 695 2596; x_wconf 90' lang='lat' dir='ltr'>nisi</span> <span class='ocrx_word' id='word_1_118' title='bbox 710 2531 868 2616; x_wconf 87' lang='lat' dir='ltr'>descripta</span> <span class='ocrx_word' id='word_1_119' title='bbox 880 2543 1070 2617; x_wconf 82' lang='lat' dir='ltr'>excerptaue</span> <span class='ocrx_word' id='word_1_120' title='bbox 1085 2554 1150 2597; x_wconf 92' lang='lat' dir='ltr'>non</span> <span class='ocrx_word' id='word_1_121' title='bbox 1167 2546 1289 2597; x_wconf 83' lang='lat' dir='ltr'>extant.</span> 
     </span>
     <span class='ocr_line' id='line_1_18' title="bbox 209 2649 1293 2737; baseline 0.002 -24"><span class='ocrx_word' id='word_1_122' title='bbox 209 2649 429 2714; x_wconf 90' lang='lat' dir='ltr'>Nihilominus</span> <span class='ocrx_word' id='word_1_123' title='bbox 454 2664 580 2728; x_wconf 90' lang='lat' dir='ltr'>tamen,</span> <span class='ocrx_word' id='word_1_124' title='bbox 606 2673 707 2736; x_wconf 90' lang='lat' dir='ltr'>quum</span> <span class='ocrx_word' id='word_1_125' title='bbox 727 2650 896 2735; x_wconf 86' lang='lat' dir='ltr'>originalia</span> <span class='ocrx_word' id='word_1_126' title='bbox 917 2651 987 2736; x_wconf 90' lang='lat' dir='ltr'>ipsa</span> <span class='ocrx_word' id='word_1_127' title='bbox 1001 2653 1216 2718; x_wconf 90' lang='lat' dir='ltr'>instrumenta</span> <span class='ocrx_word' id='word_1_128' title='bbox 1230 2652 1293 2737; x_wconf 93' lang='lat' dir='ltr'>pri·</span> 
     </span>
     <span class='ocr_line' id='line_1_19' title="bbox 210 2769 1294 2856; baseline 0.002 -22"><span class='ocrx_word' id='word_1_129' title='bbox 210 2771 284 2834; x_wconf 91' lang='lat' dir='ltr'>dem</span> <span class='ocrx_word' id='word_1_130' title='bbox 304 2769 409 2834; x_wconf 88' lang='lat' dir='ltr'>deleta</span> <span class='ocrx_word' id='word_1_131' title='bbox 429 2791 498 2834; x_wconf 88' lang='lat' dir='ltr'>esse</span> <span class='ocrx_word' id='word_1_132' title='bbox 522 2770 672 2835; x_wconf 92' lang='lat' dir='ltr'>credibile</span> <span class='ocrx_word' id='word_1_133' title='bbox 696 2783 796 2848; x_wconf 88' lang='lat' dir='ltr'>esset,</span> <span class='ocrx_word' id='word_1_134' title='bbox 828 2771 976 2856; x_wconf 86' lang='lat' dir='ltr'>equidem</span> <span class='ocrx_word' id='word_1_135' title='bbox 996 2794 1063 2835; x_wconf 91' lang='lat' dir='ltr'>non</span> <span class='ocrx_word' id='word_1_136' title='bbox 1091 2794 1205 2856; x_wconf 90' lang='lat' dir='ltr'>parum</span> <span class='ocrx_word' id='word_1_137' title='bbox 1227 2793 1294 2836; x_wconf 89' lang='lat' dir='ltr'>mo·</span> 
     </span>
     <span class='ocr_line' id='line_1_20' title="bbox 210 2888 1295 2974; baseline 0.001 -20"><span class='ocrx_word' id='word_1_138' title='bbox 210 2888 313 2954; x_wconf 90' lang='lat' dir='ltr'>menti</span> <span class='ocrx_word' id='word_1_139' title='bbox 327 2890 362 2952; x_wconf 89' lang='lat' dir='ltr'>in</span> <span class='ocrx_word' id='word_1_140' title='bbox 378 2888 459 2953; x_wconf 91' lang='lat' dir='ltr'>libro</span> <span class='ocrx_word' id='word_1_141' title='bbox 474 2890 611 2971; x_wconf 65' lang='lat' dir='ltr'>IOQ</span> <span class='ocrx_word' id='word_1_142' title='bbox 631 2890 811 2974; x_wconf 88' lang='lat' dir='ltr'>positurus,</span> <span class='ocrx_word' id='word_1_143' title='bbox 840 2890 996 2974; x_wconf 91' lang='lat' dir='ltr'>dignum,</span> <span class='ocrx_word' id='word_1_144' title='bbox 1020 2890 1112 2955; x_wconf 88' lang='lat' dir='ltr'>cuius</span> <span class='ocrx_word' id='word_1_145' title='bbox 1133 2893 1224 2955; x_wconf 86' lang='lat' dir='ltr'>fieret</span> <span class='ocrx_word' id='word_1_146' title='bbox 1238 2913 1295 2955; x_wconf 93' lang='lat' dir='ltr'>no·</span> 
     </span>
     <span class='ocr_line' id='line_1_21' title="bbox 212 3007 1293 3095; baseline 0.003 -22"><span class='ocrx_word' id='word_1_147' title='bbox 212 3010 284 3073; x_wconf 90' lang='lat' dir='ltr'>titia</span> <span class='ocrx_word' id='word_1_148' title='bbox 299 3009 425 3094; x_wconf 84' lang='lat' dir='ltr'>palam,</span> <span class='ocrx_word' id='word_1_149' title='bbox 448 3007 642 3073; x_wconf 89' lang='lat' dir='ltr'>existimaui.</span> <span class='ocrx_word' id='word_1_150' title='bbox 685 3011 799 3095; x_wconf 88' lang='lat' dir='ltr'>Neque</span> <span class='ocrx_word' id='word_1_151' title='bbox 821 3031 898 3074; x_wconf 91' lang='lat' dir='ltr'>uero</span> <span class='ocrx_word' id='word_1_152' title='bbox 913 3010 1023 3094; x_wconf 89' lang='lat' dir='ltr'>negari</span> <span class='ocrx_word' id='word_1_153' title='bbox 1038 3021 1160 3095; x_wconf 90' lang='lat' dir='ltr'>potest,</span> <span class='ocrx_word' id='word_1_154' title='bbox 1182 3010 1293 3087; x_wconf 87' lang='lat' dir='ltr'>fuisse,</span> 
     </span>
     <span class='ocr_line' id='line_1_22' title="bbox 211 3128 1296 3215; baseline -0.001 -21"><span class='ocrx_word' id='word_1_155' title='bbox 211 3130 268 3214; x_wconf 93' lang='lat' dir='ltr'>qui</span> <span class='ocrx_word' id='word_1_156' title='bbox 283 3141 352 3194; x_wconf 89' lang='lat' dir='ltr'>tum</span> <span class='ocrx_word' id='word_1_157' title='bbox 368 3128 582 3205; x_wconf 87' lang='lat' dir='ltr'>authenticis,</span> <span class='ocrx_word' id='word_1_158' title='bbox 604 3151 740 3214; x_wconf 92' lang='lat' dir='ltr'>quorum</span> <span class='ocrx_word' id='word_1_159' title='bbox 755 3130 864 3215; x_wconf 86' lang='lat' dir='ltr'>copiae</span> <span class='ocrx_word' id='word_1_160' title='bbox 878 3130 913 3193; x_wconf 92' lang='lat' dir='ltr'>in</span> <span class='ocrx_word' id='word_1_161' title='bbox 929 3130 1047 3194; x_wconf 88' lang='lat' dir='ltr'>librum</span> <span class='ocrx_word' id='word_1_162' title='bbox 1062 3142 1207 3195; x_wconf 90' lang='lat' dir='ltr'>nostrum</span> <span class='ocrx_word' id='word_1_163' title='bbox 1222 3153 1296 3195; x_wconf 91' lang='lat' dir='ltr'>con·</span> 
     </span>
     <span class='ocr_line' id='line_1_23' title="bbox 211 3249 1297 3336; baseline 0.001 -23"><span class='ocrx_word' id='word_1_164' title='bbox 211 3249 347 3334; x_wconf 87' lang='lat' dir='ltr'>scriptae</span> <span class='ocrx_word' id='word_1_165' title='bbox 364 3260 458 3327; x_wconf 87' lang='lat' dir='ltr'>sunt,</span> <span class='ocrx_word' id='word_1_166' title='bbox 476 3261 547 3314; x_wconf 91' lang='lat' dir='ltr'>tum</span> <span class='ocrx_word' id='word_1_167' title='bbox 562 3249 640 3335; x_wconf 90' lang='lat' dir='ltr'>ipsis</span> <span class='ocrx_word' id='word_1_168' title='bbox 655 3250 772 3336; x_wconf 85' lang='lat' dir='ltr'>copiis,</span> <span class='ocrx_word' id='word_1_169' title='bbox 790 3272 872 3334; x_wconf 90' lang='lat' dir='ltr'>quae</span> <span class='ocrx_word' id='word_1_170' title='bbox 886 3252 927 3314; x_wconf 88' lang='lat' dir='ltr'>ad</span> <span class='ocrx_word' id='word_1_171' title='bbox 942 3273 1000 3315; x_wconf 91' lang='lat' dir='ltr'>nos</span> <span class='ocrx_word' id='word_1_172' title='bbox 1012 3263 1245 3335; x_wconf 89' lang='lat' dir='ltr'>peruenerunt,</span> <span class='ocrx_word' id='word_1_173' title='bbox 1263 3251 1297 3314; x_wconf 91' lang='lat' dir='ltr'>in</span> 
     </span>
     <span class='ocr_line' id='line_1_24' title="bbox 212 3369 1298 3454; baseline 0.002 -23"><span class='ocrx_word' id='word_1_174' title='bbox 212 3369 380 3434; x_wconf 85' lang='lat' dir='ltr'>scribenda</span> <span class='ocrx_word' id='word_1_175' title='bbox 400 3369 567 3434; x_wconf 82' lang='lat' dir='ltr'>facultatis</span> <span class='ocrx_word' id='word_1_176' title='bbox 589 3369 743 3435; x_wconf 91' lang='lat' dir='ltr'>iuridicae</span> <span class='ocrx_word' id='word_1_177' title='bbox 764 3383 796 3435; x_wconf 93' lang='lat' dir='ltr'>et</span> <span class='ocrx_word' id='word_1_178' title='bbox 816 3370 1038 3436; x_wconf 88' lang='lat' dir='ltr'>uniuersitatis</span> <span class='ocrx_word' id='word_1_179' title='bbox 1059 3370 1298 3454; x_wconf 85' lang='lat' dir='ltr'>Vitebergensis</span> 
     </span>
     <span class='ocr_line' id='line_1_25' title="bbox 214 3486 1299 3576; baseline 0.004 -27"><span class='ocrx_word' id='word_1_180' title='bbox 214 3486 346 3552; x_wconf 87' lang='lat' dir='ltr'>historia</span> <span class='ocrx_word' id='word_1_181' title='bbox 362 3500 540 3555; x_wconf 71' lang='lat' dir='ltr'>uterentur·</span> <span class='ocrx_word' id='word_1_182' title='bbox 574 3493 665 3555; x_wconf 90' lang='lat' dir='ltr'>Inter</span> <span class='ocrx_word' id='word_1_183' title='bbox 686 3512 765 3576; x_wconf 90' lang='lat' dir='ltr'>quos</span> <span class='ocrx_word' id='word_1_184' title='bbox 780 3491 919 3576; x_wconf 90' lang='lat' dir='ltr'>primum</span> <span class='ocrx_word' id='word_1_185' title='bbox 935 3491 1040 3556; x_wconf 91' lang='lat' dir='ltr'>locum</span> <span class='ocrx_word' id='word_1_186' title='bbox 1056 3501 1145 3555; x_wconf 89' lang='lat' dir='ltr'>tenet</span> <span class='ocrx_word' id='word_1_187' title='bbox 1160 3493 1299 3555; x_wconf 88' lang='lat' dir='ltr'>Ioannes</span> 
     </span>
     <span class='ocr_line' id='line_1_26' title="bbox 215 3608 1299 3694; baseline 0.003 -24"><span class='ocrx_word' id='word_1_188' title='bbox 215 3608 401 3689; x_wconf 85' lang='lat' dir='ltr'>Zanger,</span> <span class='ocrx_word' id='word_1_189' title='bbox 427 3610 456 3673; x_wconf 88' lang='grc' dir='ltr'>Ι.</span> <span class='ocrx_word' id='word_1_190' title='bbox 481 3611 522 3674; x_wconf 86' lang='lat' dir='ltr'>V.</span> <span class='ocrx_word' id='word_1_191' title='bbox 548 3612 612 3687; x_wconf 91' lang='lat' dir='ltr'>D.,</span> <span class='ocrx_word' id='word_1_192' title='bbox 642 3611 805 3675; x_wconf 86' lang='lat' dir='ltr'>Professor</span> <span class='ocrx_word' id='word_1_193' title='bbox 827 3623 859 3674; x_wconf 87' lang='lat' dir='ltr'>et</span> <span class='ocrx_word' id='word_1_194' title='bbox 882 3611 996 3676; x_wconf 87' lang='lat' dir='ltr'>Senior</span> <span class='ocrx_word' id='word_1_195' title='bbox 1023 3611 1150 3694; x_wconf 92' lang='lat' dir='ltr'>collegii</span> <span class='ocrx_word' id='word_1_196' title='bbox 1173 3610 1299 3675; x_wconf 85' lang='lat' dir='ltr'>iuridici</span> 
     </span>
     <span class='ocr_line' id='line_1_27' title="bbox 215 3727 1301 3812; baseline 0.004 -22"><span class='ocrx_word' id='word_1_197' title='bbox 215 3727 473 3810; x_wconf 88' lang='lat' dir='ltr'>Vitebergensis,</span> <span class='ocrx_word' id='word_1_198' title='bbox 491 3729 548 3812; x_wconf 91' lang='lat' dir='ltr'>qui</span> <span class='ocrx_word' id='word_1_199' title='bbox 562 3729 784 3795; x_wconf 89' lang='lat' dir='ltr'>uniuersitatis</span> <span class='ocrx_word' id='word_1_200' title='bbox 805 3730 981 3795; x_wconf 87' lang='lat' dir='ltr'>saecularia</span> <span class='ocrx_word' id='word_1_201' title='bbox 1002 3732 1182 3795; x_wconf 87' lang='lat' dir='ltr'>celebrandi</span> <span class='ocrx_word' id='word_1_202' title='bbox 1204 3752 1301 3794; x_wconf 84' lang='lat' dir='ltr'>causa</span> 
     </span>
     <span class='ocr_line' id='line_1_28' title="bbox 215 3845 1301 3934; baseline 0.003 -24"><span class='ocrx_word' id='word_1_203' title='bbox 215 3845 417 3933; x_wconf 89' lang='lat' dir='ltr'>perlustratis</span> <span class='ocrx_word' id='word_1_204' title='bbox 434 3849 669 3913; x_wconf 88' lang='lat' dir='ltr'>accuratissime</span> <span class='ocrx_word' id='word_1_205' title='bbox 684 3849 906 3914; x_wconf 88' lang='lat' dir='ltr'>instrumentis</span> <span class='ocrx_word' id='word_1_206' title='bbox 922 3850 1064 3934; x_wconf 88' lang='lat' dir='ltr'>actisque</span> <span class='ocrx_word' id='word_1_207' title='bbox 1076 3850 1301 3934; x_wconf 88' lang='lat' dir='ltr'>superstitibus</span> 
     </span>
     <span class='ocr_line' id='line_1_29' title="bbox 216 3944 1301 4054; baseline 0.002 -22"><span class='ocrx_word' id='word_1_208' title='bbox 216 3968 286 4033; x_wconf 84' lang='lat' dir='ltr'>Cal.</span> <span class='ocrx_word' id='word_1_209' title='bbox 304 3967 479 4032; x_wconf 89' lang='lat' dir='ltr'>Nouembr.</span> <span class='ocrx_word' id='word_1_210' title='bbox 498 3990 527 4030; x_wconf 88' lang='lat' dir='ltr'>a.</span> <span class='ocrx_word' id='word_1_211' title='bbox 549 3944 628 4033; x_wconf 80' lang='lat'>1602¹</span> <span class='ocrx_word' id='word_1_212' title='bbox 650 3969 827 4035; x_wconf 88' lang='lat' dir='ltr'>orationem</span> <span class='ocrx_word' id='word_1_213' title='bbox 849 3971 888 4034; x_wconf 90' lang='lat' dir='ltr'>de</span> <span class='ocrx_word' id='word_1_214' title='bbox 910 3968 992 4051; x_wconf 42' lang='lat' dir='ltr'>lat-is</span> <span class='ocrx_word' id='word_1_215' title='bbox 1018 3969 1301 4054; x_wconf 86' lang='lat' dir='ltr'>Vitebergensibus</span> 
     </span>
    </p>
   </div>
   <div class='ocr_carea' id='block_1_5' title="bbox 285 4221 715 4294">
    <p class='ocr_par' dir='ltr' id='par_1_6' title="bbox 285 4221 715 4294">
     <span class='ocr_line' id='line_1_30' title="bbox 285 4221 715 4294; baseline 0 -18"><span class='ocrx_word' id='word_1_216' title='bbox 285 4222 311 4292; x_wconf 81' lang='grc'>4)</span> <span class='ocrx_word' id='word_1_217' title='bbox 332 4221 439 4279; x_wconf 85' lang='lat' dir='ltr'>Prodiit</span> <span class='ocrx_word' id='word_1_218' title='bbox 453 4224 561 4294; x_wconf 83' lang='lat' dir='ltr'>Lipsiae</span> <span class='ocrx_word' id='word_1_219' title='bbox 578 4227 650 4278; x_wconf 79' lang='grc'><strong>1838.</strong></span> <span class='ocrx_word' id='word_1_220' title='bbox 677 4226 715 4277; x_wconf 85' lang='lat'>8⁰.</span> 
     </span>
    </p>
   </div>
   <div class='ocr_carea' id='block_1_6' title="bbox 0 0 1608 5212">
    <p class='ocr_par' dir='ltr' id='par_1_7' title="bbox 0 0 1608 5212">
     <span class='ocr_line' id='line_1_31' title="bbox 0 0 1608 5212; baseline 0 0"><span class='ocrx_word' id='word_1_221' title='bbox 0 0 1608 5212; x_wconf 95' lang='lat' dir='ltr'> </span> 
     </span>
    </p>
   </div>
  </div>
 </body>
</html>
