3172 5212
827 538 866 599 12

740 627 946 634 -α

301 755 969 843 memornillrsproutiroenrexpodist
1001 760 1383 829 Domusmsveromre

302 879 758 945 Licentiomunummeusem
777 852 812 940 e't
830 890 943 961 postes
965 880 1047 945 duos
1066 882 1198 966 publioe
1217 883 1305 968 leget
1324 885 1383 948 sli-

301 1021 381 1085 quos
411 996 1380 1088 titulosiuDecretslrlrusseuinCodioesutDigestis.

302 1119 400 1189 Quod
414 1132 521 1182 tamen
535 1117 1380 1201 detemporeetoompletionisetleetionisdixirnus,

302 1240 348 1303 sie
361 1236 506 1321 intellegi
520 1236 687 1312 volumus,
710 1244 749 1300 ut
767 1236 831 1300 lroe
845 1248 950 1300 toturn
963 1237 1185 1322 relinquamus
1200 1240 1243 1322 ¹⁴)
1264 1243 1381 1307 disme-

303 1358 382 1425 tioni
403 1370 438 1422 et
457 1355 589 1421 arbitrio
608 1357 805 1432 Doctorum,
832 1376 915 1440 quos
933 1357 969 1420 in
987 1356 1049 1422 hoe
1070 1371 1199 1424 tontum
1220 1361 1382 1426 elaborare

301 1478 464 1554 volumus,
486 1496 637 1560 nequem
653 1490 746 1560 turpe
759 1488 970 1559 promoueont
983 1477 1114 1542 inanem
1128 1478 1310 1557 literarum,
1327 1483 1380 1546 de·

300 1600 502 1662 decorantem
517 1607 549 1659 et
562 1592 723 1679 gymnasii
737 1596 840 1659 nostri
853 1607 887 1660 et
900 1618 1011 1660 eorum
1026 1599 1264 1678 auctoritatem,
1288 1602 1380 1665 dum·

299 1717 396 1782 modo
409 1715 488 1779 hoec
502 1715 691 1792 obseruent,
713 1736 756 1778 ne
776 1736 872 1800 quem
886 1715 1130 1801 Wittenbergne
1148 1722 1333 1786 studentem
1345 1723 1381 1786 in

300 1836 549 1901 Beeeeloureum
564 1833 643 1899 iuris
658 1834 804 1899 cononici
824 1847 1052 1920 promouetur,
1074 1837 1140 1901 nisi
1158 1839 1319 1904 oudiuerit
1339 1843 1381 1904 od

300 1956 409 2022 minus
423 1975 527 2019 unum
540 1976 662 2019 annum
677 1953 848 2038 diligenter
856 1955 1026 2019 lectionem
1037 1956 1231 2023 ordinariam
1242 1973 1275 2023 et
1289 1960 1382 2053 Senti

299 2077 352 2142 nel
365 2074 407 2159 ¹⁸)
430 2073 724 2151 Clementinarum,
746 2073 782 2138 in
802 2073 872 2138 iure
891 2074 989 2138 ciuile
1009 2096 1112 2140 unum
1134 2098 1258 2141 sunum
1271 2079 1380 2143 lectio

299 2218 376 2262 nem
390 2195 597 2280 Digestorum
611 2204 645 2258 et
664 2192 804 2258 Codicis.
844 2192 983 2257 Nullum
1004 2216 1131 2279 quoque
1151 2196 1326 2261 admittunt
1339 2200 1381 2262 od

299 2314 485 2382 doctorandi
514 2312 711 2389 Licentiem‚
740 2311 807 2375 nisi
834 2314 1028 2378 tantundem
1054 2315 1174 2399 ubique
1194 2337 1214 2379 o
1238 2328 1380 2402 tempore

299 2436 566 2502 Baeealeureatus
581 2431 753 2496 audiuerit.
788 2432 913 2501 Quodsi
929 2433 1185 2527 Beeesloureutio
1199 2447 1322 2514 eareat,
1338 2439 1382 2501 od

298 2555 378 2622 iuris
391 2552 537 2619 cononici
552 2551 732 2621 Licentiom
750 2559 816 2615 non
839 2552 1030 2631 admittunt,
1051 2553 1116 2619 nisi
1135 2574 1191 2639 per
1211 2555 1380 2620 biennium

298 2673 458 2742 audiuerit
473 2671 643 2737 lectionem
658 2671 852 2736 ordinariam
866 2683 899 2737 et
914 2662 1005 2737 Sexti
1019 2690 1076 2737 seu
1090 2674 1376 2752 clementinorum,

299 2795 378 2860 iuris
393 2791 498 2859 ciuilis
513 2813 570 2876 per
582 2790 751 2856 biennium
765 2791 936 2856 lectionem
950 2791 1176 2876 Digestorum,
1198 2795 1327 2859 Codicis
1346 2808 1379 2860 et

299 2913 559 2982 Institutionum.
589 2912 641 2976 sd
656 2911 825 2996 utriusque
838 2933 913 2976 vero
927 2911 1007 2976 iuris
1024 2912 1201 2977 Licentiom
1216 2915 1379 2978 neminem

297 3035 487 3110 admittant,
509 3030 573 3095 nisi
592 3050 649 3116 per
673 3030 848 3095 triennium
874 3031 1036 3096 audiuerit
1062 3033 1232 3096 lectionem
1253 3033 1377 3098 ordinu-

297 3154 376 3219 riam
391 3152 471 3217 iuris
486 3151 633 3216 cononici
648 3161 680 3215 et
695 3150 786 3216 Sexti
800 3172 857 3214 seu
872 3150 1147 3216 clementinorum
1159 3163 1196 3216 et
1210 3164 1378 3236 utramque

297 3274 376 3339 iuris
392 3272 497 3337 ciuilis
513 3271 636 3336 seilicet
651 3269 858 3354 Digestorum
873 3281 906 3334 et
920 3269 1066 3348 Codicis,
1091 3270 1234 3354 alioquin
1249 3271 1376 3355 dispen-

297 3394 454 3460 sotionem
468 3413 525 3480 per
540 3368 738 3465 Foeultstem
760 3390 924 3453 obtentam
945 3387 1015 3474 ipso
1029 3389 1114 3452 fecto
1128 3408 1294 3455 censemus
1308 3412 1378 3456 esse

297 3513 432 3579 nullom.

382 3631 522 3697 Posthac
552 3627 748 3713 stipulentur
770 3630 941 3706 Doctores,
969 3628 1175 3696 candidatum
1203 3654 1268 3696 non
1295 3631 1376 3696 velle
1432 3608 1434 3615 ,

296 3771 499 3839 promouere,
524 3748 586 3811 nisi
602 3749 732 3811 credant
753 3748 920 3826 idoneum,
946 3750 1068 3814 secluso
1089 3773 1194 3815 umore
1216 3752 1266 3815 vel
1289 3752 1372 3817 odio.

297 3871 362 3942 Qui
378 3868 568 3934 candidatus
585 3867 776 3932 adueniente
792 3868 843 3932 die
859 3869 1018 3934 Faculteti
1033 3893 1172 3955 congruo
1186 3868 1226 3952 ¹⁰)
1239 3871 1374 3935 manein

368 4076 408 4145 14)
431 4072 496 4128 cot.
510 4090 558 4126 mo.
573 4072 760 4143 relinquimus.

369 4161 409 4229 15)
432 4160 493 4214 Ood.
508 4175 556 4210 oro.
572 4164 608 4212 et.

368 4248 409 4316 itt)
433 4245 496 4300 Ded.
512 4263 560 4299 ms.
576 4262 703 4317 congrue.
