3172 5212
796 577 883 620 xvlll

390 780 459 842 Iam
474 777 521 841 nil
537 778 695 862 reliquum
711 791 776 856 est,
794 778 857 842 nisi
873 789 930 853 ut,
954 798 1048 862 quam
1070 777 1227 841 rationem
1241 778 1276 841 in
1292 789 1384 843 textu

304 908 498 963 statutorum
527 900 643 983 statim
659 901 853 963 edendorum
874 897 1098 962 constituendo
1120 897 1180 960 sim
1207 897 1381 982 ingressus,

304 1021 464 1104 profitear.
499 1019 706 1083 Potissimum
723 1019 823 1103 igitur
838 1029 965 1081 secutus
978 1039 1049 1081 sum
1065 1017 1161 1081 fidem
1176 1016 1250 1079 libri
1269 1039 1382 1080 manu-

304 1139 414 1223 scripti
431 1159 598 1222 nunquam
621 1137 771 1202 traditam
793 1137 828 1200 in
850 1137 908 1200 illo
926 1136 1117 1221 scripturam
1133 1159 1231 1201 ausus
1245 1149 1380 1213 mutare,
1470 1168 1474 1177 ⁴

302 1257 373 1322 nisi'
389 1272 499 1342 aperta
527 1257 714 1322 uiderentur
735 1255 972 1340 deprauationis
993 1255 1123 1320 indicia.
1163 1257 1227 1321 Sed
1257 1257 1379 1342 quotie-

302 1398 444 1462 scunque
459 1376 579 1460 aliquid
595 1376 736 1453 mutaui,
761 1378 950 1461 scripturam
972 1375 1088 1439 codicis
1103 1376 1137 1438 in
1153 1375 1238 1440 notis
1260 1376 1379 1439 addidi.

301 1498 572 1581 orthographiam
588 1507 621 1560 et
634 1496 908 1579 interpunctiones
923 1505 1048 1559 mutare
1062 1518 1127 1560 non
1144 1496 1308 1560 dubitaui:
1335 1498 1381 1561 ita

301 1629 408 1681 tamen
425 1630 461 1680 ut
476 1616 566 1680 illam
581 1616 734 1681 librorum
750 1616 835 1700 typis
849 1627 1050 1679 exaratorum
1066 1616 1185 1680 saeculi
1200 1622 1278 1686 XVI
1286 1666 1296 1695 ,
1322 1618 1380 1681 has

300 1736 458 1801 hodierno
474 1735 632 1800 scribendi
647 1735 960 1820 interpungendique
974 1737 1069 1798 modo
1084 1736 1279 1820 adoptarem.

385 1855 582 1940 Appendicis
597 1855 667 1919 loco
679 1855 883 1932 mormulam,
902 1872 964 1940 qua
981 1855 1222 1939 Wittenbergae
1239 1854 1380 1920 'utuntur

299 1977 333 2041 iu
349 1977 539 2040 conferendo
555 1975 649 2039 titulo
664 1977 871 2039 Doctoratus«
886 1997 926 2038 ex
948 1974 1028 2038 libro
1049 1974 1227 2052 rarissimo,
1250 1975 1378 2039 Norim-

299 2099 415 2182 bergae
426 2119 455 2160 a.
479 2102 557 2158 1539
574 2094 739 2178 impresso,
757 2096 964 2178 repetendam
977 2094 1099 2159 curaui.
1132 2094 1227 2158 Liber
1238 2095 1292 2159 ille
1307 2106 1377 2180 pro·

300 2218 360 2282 diit
376 2219 436 2281 sub
450 2216 512 2280 hoe
526 2214 640 2278 titulo:
1360 2293 1364 2300 ¹

382 2335 605 2401 EPISTOLA
637 2334 642 2420 Ι
674 2334 884 2400 PHILIPPI
914 2337 919 2420 Ι
945 2334 1279 2401 MELANTHONIS
1305 2337 1312 2424 Ι
1337 2339 1378 2400 ad

385 2457 540 2520 Senatum
553 2455 726 2519 Venatum.
749 2461 755 2533 Ι
774 2455 945 2519 ORATIO
965 2456 1158 2521 PVBLICE
1179 2457 1374 2540 HABITA!

383 2576 636 2658 Vuittenbergae
648 2573 683 2637 in
703 2569 900 2657 'promotione
914 2576 1059 2641 Doctoris
1079 2577 1084 2662 Ι
1105 2576 1200 2641 Iuris.
1231 2578 1271 2641 de
1292 2576 1376 2641 Scri-

383 2706 440 2778 pto
473 2695 565 2771 Iure,
598 2708 630 2758 et
656 2693 814 2778 dignitate
833 2700 839 2776 Ι
857 2708 999 2761 veterum
1035 2697 1245 2780 interpretum
1277 2698 1373 2762 Iuris.

382 2815 474 2878 form.
493 2822 523 2878 8.
542 2815 621 2878 min.

383 2934 556 2999 inuenitur
570 2934 706 2998 formula
721 2946 830 2998 nostra
846 2940 918 3018 pos't
933 2935 1107 3000 orationem
1120 2937 1159 2999 de
1175 2937 1292 3021 scripto
1306 2937 1375 3000 iure

298 3054 390 3138 Sign.
411 3057 437 3116 B
454 3058 499 3135 (5¹
515 3057 535 3088 ⁶¹
549 3050 588 3137 l).
607 3055 648 3117 In
659 3057 724 3117 fine
733 3066 841 3118 autem
854 3056 970 3139 operis,
981 3056 1034 3118 cui
1047 3057 1188 3120 adiectae
1199 3067 1275 3119 sunt
1286 3078 1374 3141 prae·

296 3174 431 3238 sationes
446 3185 478 3237 et
494 3173 612 3258 epilogi
627 3174 696 3237 loco
711 3175 886 3257 epistulae,
904 3176 983 3239 ha'eo
997 3176 1150 3259 leguntur
1166 3176 1280 3239 uerba:

383 3294 578 3379 Impressum
590 3293 810 3378 Norinbergae
821 3277 1132 3379 perHieronymum'l
1144 3296 1373 3381 Formaehney-

381 3415 436 3478 der
452 3414 559 3478 Anno.
577 3431 618 3482 M.
634 3431 669 3483 D.
684 3422 817 3483 XXXIX·

295 3603 396 3674 scripta
407 3602 513 3655 minora
525 3608 553 3654 et
565 3601 698 3671 epistulae
715 3602 744 3654 in
763 3601 892 3657 Bilibaldi
909 3601 1136 3655 Primumdum
1149 3607 1200 3656 ete.
1214 3603 1305 3672 Opera
1317 3612 1369 3657 ete.

295 3688 420 3743 Francos.
435 3692 508 3742 1610.
523 3687 582 3740 Fol.
597 3703 641 3757 pp.
656 3690 715 3751 340,
730 3691 846 3757 349sqq.
854 3686 961 3751 Omnia,
971 3704 1040 3757 quae
1049 3687 1182 3742 ScHssvrtn
1195 3688 1282 3742 edidit
1292 3707 1373 3759 opera

295 3781 323 3826 et
342 3773 473 3843 opuscula
492 3782 616 3827 accurate
628 3780 802 3827 recensentur
813 3790 829 3825 a
841 3772 960 3841 Georgia
973 3773 1083 3827 Andrea
1096 3774 1130 3827 W
1132 3788 1190 3838 lun,
1205 3772 1371 3844 Nttmbergi-

295 3860 373 3914 achas
387 3859 667 3914 Gelehrten·Lexieon
680 3867 733 3912 ete.
749 3859 780 3912 Τ.
795 3859 849 3912 llI.
863 3859 970 3917 Numb.
988 3862 1062 3913 1151.
1078 3864 1103 3913 l,
1118 3877 1164 3931 pp.
1179 3864 1230 3913 516
1242 3878 1300 3931 sqq.

678 4072 816 4079 ---Μ-...-
833 4074 838 4077 .
851 4072 861 4078 .
875 4071 1002 4079 .-..—..-...
