3172 5212
817 539 841 583 Χ

376 744 523 808 Tandem
539 765 624 808 anno
636 754 750 808 octauo
765 742 800 806 in
815 742 896 807 festo
911 741 1080 807 Michaelis
1095 740 1227 806 Domini
1244 742 1367 806 Princi-

374 886 430 948 pes
445 863 659 929 Vniuersitati
674 862 737 926 alia
761 873 793 926 et
813 884 900 926 noua
914 873 1036 928 statuta
1055 864 1223 939 dederunt,
1250 861 1367 946 quibus

372 983 608 1048 Reformatores
620 979 648 1066 υ)
663 981 884 1047 instituerunt.

457 1104 589 1167 Statuta
609 1113 718 1166 autem
740 1103 965 1186 praecedentia
984 1102 1144 1188 praelecta
1159 1112 1236 1165 sunt
1252 1099 1365 1165 Facul-

374 1222 434 1286 tati
457 1222 618 1287 Iuridicoe
640 1222 690 1286 die
706 1222 957 1305 decimaquinta
978 1223 1127 1288 Octobris
1142 1225 1239 1287 Anno
1254 1233 1369 1286 octauo

372 1343 407 1406 in
423 1344 516 1406 domo
532 1342 678 1406 Doctoris
695 1341 818 1426 Plochij
840 1342 986 1407 Rectorio
1003 1341 1043 1425 ¹⁰)
1051 1355 1218 1428 praesente
1228 1340 1369 1406 Domino

373 1463 555 1526 Mollerstat
579 1460 619 1545 ¹¹)
654 1462 876 1540 reformatore,
908 1462 1101 1527 Ductoribus
1130 1462 1209 1528 iuris
1239 1462 1279 1526 ad
1308 1461 1369 1524 hoc

276 1648 279 1659 ,
374 1582 497 1647 uocatis
513 1593 573 1646 etc.

376 1701 439 1764 Sed
455 1713 515 1778 est,
534 1703 619 1786 quod
634 1701 782 1786 equidem
797 1702 945 1779 sentiam,
963 1702 1017 1765 hic
1033 1703 1121 1767 locus
1136 1704 1240 1786 quoad
1255 1702 1370 1767 funda·

289 1819 408 1885 tionem
424 1821 605 1885 academiae
621 1822 747 1885 breuior
761 1843 858 1904 quam
874 1822 1050 1886 accuratior
1067 1819 1124 1905 ¹²);
1149 1824 1255 1905 quoad
1270 1833 1371 1887 statu-

289 1952 393 2004 torum
409 1940 699 2025 promulgationem
720 1943 910 2025 desumptus
931 1942 1013 2006 forte
1031 1962 1071 2005 ex
1088 1941 1228 2026 antiquis
1245 1942 1371 2026 scriptis

288 2061 574 2146 putaprotocollisr
591 2062 694 2144 quoad
703 2083 740 2125 ea
747 2060 896 2146 denique,
905 2083 987 2144 quae
1001 2063 1039 2125 de
1047 2059 1278 2145 antiquissimis
1294 2059 1371 2123 anni
1411 2050 1415 2055 ⁴

292 2185 371 2244 1502
395 2181 525 2245 statutis
547 2192 754 2257 enarrentur,
784 2180 848 2245 nisi
876 2181 970 2245 ualde
988 2180 1097 2259 fallor,
1122 2203 1140 2244 a
1161 2181 1372 2243 Reusnero

288 2300 342 2364 uel
362 2301 425 2364 alio
447 2300 678 2385 posteriorum,
710 2299 841 2364 incertis
864 2322 901 2364 ac
924 2300 1030 2365 dubiis
1051 2300 1193 2364 fontibus
1220 2298 1371 2363 maiorem

289 2441 385 2504 quam
405 2442 463 2503 par
484 2431 554 2484 erat
573 2422 669 2483 fidem
697 2421 854 2496 habente,
883 2422 1079 2504 compositus
1104 2419 1244 2483 uidetur.
1277 2419 1373 2487 Quod

289 2540 417 2624 quidem
435 2561 547 2605 uerum
562 2561 630 2605 esse
645 2539 846 2623 intellegitur
860 2561 899 2603 ex
915 2541 1114 2624 Zangero,
1139 2539 1195 2623 qui
1217 2539 1373 2623 quinqua·

357 2760 383 2829 9)
404 2759 519 2829 Legitur
532 2759 560 2812 in
572 2760 683 2813 statutis
701 2761 855 2815 academiae
868 2761 1072 2833 Vitebergensis
1084 2779 1110 2815 a.
1133 2764 1213 2819 1508:
1234 2761 1375 2815 Reforma-

290 2845 397 2899 toribus
411 2845 485 2898 uices
497 2852 605 2899 nostras
624 2846 781 2916 delegamus
794 2855 822 2900 et
834 2847 931 2902 damus
950 2847 1106 2902 omnimodo
1123 2864 1275 2917 supremam
1289 2854 1316 2899 et
1328 2844 1374 2898 ab·

290 2931 408 2986 solutam
421 2938 594 3002 potestatem.
627 2931 669 2985 Cf.
683 2931 727 2988 lo.
742 2933 806 2986 Chr.
822 2935 895 3005 Aug.
911 2933 1090 2998 (leomarus,
1106 2933 1232 2987 Annaleu
1246 2932 1294 2985 der
1310 2929 1376 2984 Uni·

290 3017 403 3072 versittt
415 3018 600 3088 Witteuberg.
619 3017 741 3073 Meissen
756 3022 818 3073 1801
840 3037 899 3091 sqq.
915 3021 947 3074 T.
962 3020 992 3074 II
1004 3038 1031 3089 p.
1048 3023 1089 3073 10.
1171 3012 1173 3015 ’

361 3104 402 3174 10)
424 3103 609 3158 Theudoricus
631 3103 784 3160 BLocHlvs
799 3106 936 3176 (Remu),
951 3106 1049 3160 artium
1064 3112 1092 3158 et
1110 3103 1260 3157 medicinae
1272 3102 1377 3155 Doctor

290 3195 455 3243 rectoratum
468 3190 555 3261 gessit
576 3207 624 3259 per
642 3200 774 3248 aestatem
791 3213 817 3248 a.
841 3197 916 3247 1508.
936 3192 999 3245 Vid.
1019 3191 1122 3244 Album
1139 3188 1215 3242 acad.
1234 3186 1374 3255 Vlteberg.

292 3275 334 3328 ed.
349 3275 581 3331 Fonssrrusuu.
594 3278 670 3347 Lips.
689 3283 763 3333 1841.
777 3284 816 3334 4⁰.
831 3296 876 3349 pp.
892 3281 923 3331 25
937 3285 965 3331 et
977 3281 1019 3330 21.

361 3362 402 3432 11)
424 3362 561 3416 Martinus
570 3363 686 3421 Potlcfl
699 3378 737 3419 nu
748 3365 959 3418 mutuantur.
979 3361 1157 3433 Epitaphium
1168 3359 1226 3412 eius
1236 3356 1376 3428 intemplo

291 3447 439 3517 parochiali
449 3446 640 3519 Vitebergensi
653 3450 706 3504 ho'c
716 3456 768 3503 est:
780 3448 895 3503 ANNO.
906 3451 941 3502 A.
953 3448 1039 3503 NAT.
1053 3447 1195 3502 DOMINI
1204 3446 1325 3506 ffirffi,
1337 3447 1376 3505 ᾗ.

290 3532 378 3586 KAL.
393 3533 469 3588 IAN.
491 3534 847 3589 PRESTANTISSIMVS.
871 3535 954 3588 DNS.
977 3533 1135 3587 MARTIN.
1164 3531 1375 3586 POLICHIVS.

290 3619 613 3675 MELLERSTADIVS.
650 3621 806 3675 ARTIVM.
843 3619 1138 3674 PHILOSOPHIAE.
1176 3619 1378 3673 MEDICINA-

291 3705 463 3764 RVMQVE.
475 3705 635 3759 DOCTOR.
652 3706 782 3760 SACRE.
798 3706 1034 3760 THEOLOGIE.
1048 3705 1253 3760 MAGISTER.
1266 3705 1378 3759 HVIVS

293 3791 489 3845 GYMNASII.
516 3791 677 3846 RECTOR.
703 3790 855 3847 PRIMVS.
882 3793 938 3846 ΕΤ.
958 3791 1115 3846 PARENS.
1136 3792 1246 3845 DIEM.
1266 3792 1376 3845 EXTR.

292 3875 456 3931 CLAVSIT.
477 3878 517 3934 cf.
538 3877 674 3933 Surum
698 3878 717 3934 l.
737 3898 762 3933 c.
783 3879 811 3933 lI
831 3897 856 3934 c.
878 3884 893 3934 3
914 3896 940 3950 p.
967 3882 1025 3932 223.
1047 3878 1243 3933 Reformatoris
1261 3896 1379 3932 necnon

293 3962 515 4018 vicecancellarii
527 3982 638 4018 munere
646 3965 747 4020 Noster
760 3965 807 4020 illo
820 3973 950 4037 tempore,
964 3984 1018 4037 quo
1031 3971 1135 4019 statuta
1145 3966 1304 4028 edebantur,
1319 3965 1380 4017 lun-

292 4048 416 4118 gebatur.

364 4136 404 4205 12)
424 4137 540 4190 Vberius
553 4137 586 4190 de
599 4137 759 4192 fundatione
772 4137 959 4194 uniuersitatis
970 4137 1065 4209 egitur
1077 4139 1105 4193 in
1120 4138 1203 4192 Libro
1217 4138 1379 4191 decanorum

292 4222 432 4276 facultatis
450 4223 621 4294 theologicae
634 4232 684 4278 etc.
706 4241 732 4295 p.
757 4228 780 4278 l.
