3172 5212
657 535 776 628 —ll

220 764 295 819 neat
310 752 406 817 simul
421 753 501 817 duos
518 753 689 829 Doctores,
716 753 911 818 Licentiatos
926 752 982 816 vel.
992 765 1055 817 tres
1071 754 1299 831 Baccalaureos

220 874 356 959 pecunia
383 872 592 956 promotionis
613 874 705 937 oedat
725 873 787 937 sibi
806 872 894 949 aoli3'
918 872 945 935 si
968 884 1077 937 autem
1105 876 1300 957 promouerit

222 994 410 1069 Ductorem,
428 992 482 1076 qui
498 992 587 1076 prius
602 1015 667 1056 non
688 1003 756 1057 erat
772 993 1020 1068 Bacualaureus‚
1041 992 1144 1057 autin
1161 993 1231 1057 eius
1246 994 1298 1057 Li·

220 1114 326 1177 centia
339 1134 404 1177 non
421 1113 531 1179 lrabita
545 1124 594 1176 est
608 1112 896 1189 recommendatio,
914 1123 971 1176 aut
986 1114 1168 1189 Ductorem,
1187 1112 1298 1176 Licen-

221 1233 316 1298 tiatoa
331 1240 390 1296 aut
406 1233 633 1297 Baeculaureos
649 1232 763 1308 simul,
788 1244 865 1296 tunc
887 1232 949 1296 sibi
970 1243 1003 1295 et
1024 1230 1137 1296 ceteris
1152 1233 1297 1296 Ductori-

217 1354 279 1416 bus
294 1352 465 1418 distribuat
486 1352 642 1437 quidquid
661 1350 722 1414 sibi
736 1351 820 1437 cedit
836 1352 921 1416 ultra
935 1351 1167 1436 promotionem
1181 1352 1297 1436 princi·

219 1475 343 1559 palem;
380 1473 528 1537 similiter
556 1471 584 1535 si
604 1471 638 1534 in
660 1492 795 1535 numero
818 1473 1107 1555 promouendorum
1134 1472 1229 1536 fuerit
1250 1472 1297 1534 di·

219 1604 414 1677 spensatum,
431 1591 478 1656 ita
498 1606 535 1656 ut
556 1591 663 1656 omnia
684 1591 749 1655 sint
764 1592 863 1674 paria.
902 1593 945 1655 Et
958 1591 1094 1675 quilibet
1107 1591 1204 1656 faciat
1218 1592 1298 1654 duos

123 1696 127 1703 ’
217 1712 433 1796 promotiones
448 1723 482 1776 et
497 1730 596 1777 uuam
610 1710 966 1774 recommendationem.

305 1832 545 1895 Promouendus
560 1829 594 1893 in
611 1830 859 1895 llaccalaureurn
881 1853 937 1894 seu
955 1830 1187 1908 Licentiatum‚
1212 1847 1298 1915 post·

218 1970 313 2033 quam
335 1950 396 2014 sibi
422 1950 679 2014 beneuolentiam
709 1951 884 2014 Doctorum
913 1951 1160 2033 computruerit,
1193 1962 1226 2013 et
1252 1951 1298 2014 sic

217 2071 309 2133 venia
324 2070 466 2154 ipsorum
488 2082 671 2154 comparata
691 2069 779 2133 adire
801 2070 895 2133 debet
916 2069 1091 2141 Facultatis
1115 2071 1294 2146 Decumum,

217 2189 272 2273 qui
287 2201 380 2274 cogat
394 2201 542 2253 senatum
561 2210 676 2265 suum,
699 2189 733 2253 in
755 2188 847 2253 cuius
868 2190 1048 2273 praesentia
1069 2190 1151 2254 iuret
1173 2212 1296 2273 promo-

217 2311 359 2385 uendus‚
384 2332 452 2374 sese
466 2326 530 2373 non
547 2309 804 2385 vindicaturum,
830 2308 857 2372 si
872 2331 936 2392 quo
951 2330 1028 2372 casu
1043 2309 1250 2394 impediretur
1265 2320 1298 2374 et

216 2431 300 2512 quod
317 2452 412 2513 super
426 2429 546 2513 rogatis
561 2430 646 2494 dicat
660 2430 838 2494 veritatem.
871 2431 1115 2495 Promouendus
1130 2428 1165 2492 in
1181 2433 1297 2494 llacca·

216 2548 361 2613 laureum
375 2542 518 2632 legitime
533 2550 662 2627 doceat,
689 2550 738 2614 rel
759 2550 787 2614 si
803 2549 964 2614 Facultati
978 2550 1138 2614 videbitur
1152 2550 1297 2634 inspecta

217 2689 275 2731 sua
290 2668 445 2752 qualitate
460 2668 664 2734 iureiurando
680 2691 713 2732 se
728 2668 903 2753 astringat,
927 2671 1007 2733 duos
1029 2692 1131 2735 annus
1152 2692 1227 2734 curn
1249 2669 1296 2734 di·

216 2787 316 2852 midio
324 2835 333 2864 ‚
358 2787 391 2851 in
415 2787 627 2853 Licentiatum
644 2811 717 2853 vero
731 2790 872 2873 quinque
887 2810 989 2853 aornos
1004 2788 1176 2873 diligenter
1188 2789 1296 2854 lectio·

215 2930 273 2972 nes
290 2907 452 2972 audiuisse
468 2918 500 2971 et
521 2908 550 2971 ei
572 2908 636 2972 iuri
657 2907 782 2972 dedisse
806 2930 951 2993 operam,
976 2911 1009 2972 in
1031 2931 1095 2992 quo
1116 2910 1296 2993 promoueri

215 3029 391 3105 desiderat,
409 3027 445 3091 in
460 3037 595 3111 utroque
611 3040 718 3091 tamen
734 3026 803 3103 iure
817 3016 1024 3111 graduandus
1039 3028 1165 3093 docebit
1181 3029 1296 3112 cuique

215 3149 277 3213 iuri
293 3147 431 3214 triennio
445 3168 580 3211 narrasse
595 3169 723 3230 operam
735 3147 770 3210 iu
784 3146 891 3231 aliquo
906 3148 1014 3212 studio
1028 3148 1171 3233 generali
1185 3162 1218 3213 et
1233 3149 1295 3233 pri-

216 3267 377 3351 uilegiato.
418 3269 586 3332 Praeterea
605 3264 903 3332 Baccalaureandus
925 3278 989 3333 tres
1015 3268 1151 3343 circulos
1174 3280 1293 3343 teneat,

218 3385 446 3451 Licentiandus
459 3385 587 3471 publice
601 3398 739 3470 repetat,
757 3388 841 3472 quod
857 3399 964 3453 tamen
979 3390 1019 3456 ob
1035 3389 1295 3453 scholasticorum

215 3504 389 3569 utilitatem
404 3507 438 3569 in
453 3506 606 3570 lectiones
626 3507 816 3570 commutari
836 3509 969 3592 poterit,
994 3509 1040 3572 ita
1063 3520 1100 3571 ut
1122 3509 1294 3573 Baccalau·

215 3645 288 3688 reus
309 3637 382 3708 post
402 3627 553 3710 adeptum
578 3626 858 3691 Baccalaureatum
882 3627 992 3693 statim
1018 3629 1104 3713 leget
1125 3629 1166 3693 ad
1188 3628 1294 3692 minus

215 3765 318 3808 unum
333 3745 373 3806 de
397 3745 496 3808 tribus
519 3744 629 3829 primis
653 3746 748 3810 libris.
757 3746 1035 3812 constitutionum
1050 3761 1083 3812 et
1104 3747 1191 3812 hunc
1213 3747 1295 3812 ordi·

214 3885 289 3926 nem
309 3876 432 3928 seruet:
465 3863 574 3927 Primo
599 3866 710 3929 recitet
730 3888 838 3930 casum
862 3867 895 3930 in
910 3868 1081 3945 terminis,
1112 3879 1145 3932 et
1164 3868 1192 3932 si
1212 3869 1295 3932 lecto

215 3993 307 4046 textu
322 3981 452 4066 ingenio
467 4004 527 4047 suo
542 4022 585 4031 -
606 4006 671 4048 nou
687 4008 727 4048 ex
743 3986 934 4050 Ductoribus
956 4024 996 4034 -
1012 4009 1114 4050 unum
1130 4000 1187 4052 aut
1201 3988 1294 4072 plura

214 4102 369 4166 notabilia
383 4101 532 4187 colligere
547 4104 681 4187 poterit,
706 4105 739 4168 id
755 4105 795 4168 ad
810 4105 937 4169 libitum
954 4106 1015 4170 sibi
1030 4106 1088 4183 sit,
1107 4108 1161 4170 scd
1177 4108 1294 4172 Docto·

214 4243 263 4284 res
285 4222 422 4306 allegare
445 4244 509 4286 non
531 4224 641 4301 debet;
663 4236 823 4309 postremo
846 4227 886 4290 ad
908 4237 1095 4312 apparatum
1115 4227 1292 4310 glossarum
