3172 5212
732 542 777 586 XV

215 743 472 830 praeceptoribus
486 743 609 808 iurium
619 743 810 809 candidatus
822 753 938 807 esset«
968 742 1090 807 Verum
1101 743 1186 809 idem
1198 744 1297 810 literis

217 885 294 947 quas
314 873 432 928 uocant
455 863 697 929 humanioribus
721 861 891 947 diligenter
911 860 1118 927 incumbebat
1139 863 1297 949 Philippi-

216 1004 276 1067 que
293 983 509 1048 Beroaldis
525 983 651 1048 assidue
667 982 889 1067 frequentabat
906 981 1073 1047 auditoria.
1114 984 1157 1048 Et
1176 995 1297 1068 quanta

214 1102 310 1166 fuerit
326 1102 478 1167 Scbeurli
493 1105 580 1188 apud
595 1103 828 1169 commilitones
845 1100 1017 1165 auotoritas
1037 1102 1091 1165 uel
1114 1124 1155 1167 ex
1170 1125 1208 1167 eo
1231 1104 1296 1168 exi-

213 1223 342 1288 stimare
356 1223 444 1300 licet,
459 1224 545 1306 quod
559 1235 682 1287 certum
697 1231 757 1300 est,
774 1222 881 1308 ipsum
896 1243 926 1285 a.
948 1228 1027 1284 1504
1044 1222 1084 1285 ab
1098 1221 1163 1286 illis
1179 1223 1296 1289 utrius·

213 1365 275 1426 que
289 1342 510 1409 uniuersitatis
521 1342 736 1407 Bononiensis
752 1347 880 1426 (nempe
892 1340 1115 1405 uniuersitatis
1126 1341 1295 1407 citramon-

214 1476 362 1527 tauorum
374 1483 508 1527 necnon
520 1462 740 1528 uniuersitatis
752 1461 1064 1526 ultramontanorum
1073 1456 1114 1544 ²²)
1127 1462 1294 1547 syndicum

212 1593 440 1647 assecreatum.
456 1584 557 1647 Huuc
568 1581 1294 1667 magistratumgereutemnostrumSoheur-

212 1702 294 1766 lum
310 1723 384 1765 cum
398 1714 501 1767 rector
515 1702 736 1767 uniuersitatis
752 1722 794 1766 ex
808 1699 999 1766 Gemanica
1013 1699 1143 1765 natione
1158 1723 1187 1765 a.
1213 1706 1294 1766 1505

213 1819 1294 1906 nouissimeelectusorationempublicamincelebrandisrectoratus

213 1939 338 2005 uicibus
354 1942 505 2033 usitatam
520 1943 637 2007 habere
651 1941 814 2017 iussisset,
833 1940 1026 2018 Sobeurl,
1044 1951 1081 2003 ut
1093 1952 1160 2005 erat
1171 1942 1293 2026 patriae

212 2028 462 2141 amantissimus,
492 2064 552 2126 »de
572 2061 722 2127 laudibus
739 2059 933 2127 Germaniae
951 2059 1148 2125 orationem«
1167 2083 1293 2146 compo·

211 2178 278 2242 suit
306 2190 338 2243 et
362 2202 480 2265 magna
507 2181 688 2268 frequentia
715 2204 752 2246 ac
778 2180 919 2247 maximo
943 2180 1060 2264 plausu
1097 2180 1291 2247 scholarium

210 2298 357 2383 inprimis
371 2301 576 2386 popularium
592 2303 716 2368 habuit.
749 2304 841 2372 Quae
863 2312 974 2385 postea
993 2300 1112 2385 prodiit
1132 2301 1167 2367 iu
1188 2302 1292 2387 publi·

210 2439 283 2483 cum
299 2420 465 2485 Bononiae
480 2443 509 2492 a.
531 2428 632 2502 1506,
651 2431 701 2501 4⁰,
728 2423 803 2488 dein
826 2443 902 2486 uero
924 2421 1051 2506 repitita
1072 2433 1121 2486 est
1144 2423 1204 2486 sub
1230 2421 1291 2486 hoc

213 2536 324 2602 titulo:

565 2663 700 2730 tihellus
719 2659 765 2729 Bc
779 2663 940 2731 tontibus

548 2783 716 2849 osmonte
730 2794 755 2850 a
767 2788 848 2849 tutu
863 2785 949 2856 aoso

374 2902 424 2965 uis
439 2903 545 2969 subus
561 2919 581 2968 a
597 2902 832 2986 Consualium
848 2904 995 2984 adaucto
1010 2898 1126 2973 ltiittot

460 3020 594 3106 haustu
608 3021 878 3107 semotamque
894 3022 1039 3089 Donate.

521 3144 634 3209 torua
649 3143 790 3209 tonnus
805 3143 977 3210 secutast.

210 3260 250 3322 In
264 3261 346 3325 fine:

294 3379 454 3445 Martinus
463 3380 708 3466 Lantzpergius,
719 3380 884 3464 Lipseusis
890 3379 1064 3466 bibliopola
1074 3380 1123 3445 ele
1141 3381 1147 3466 Ι
1164 3380 1286 3466 gantis·

295 3497 414 3563 simus:
433 3521 559 3565 summa
573 3500 755 3587 uigilantia,
772 3522 814 3565 ne
829 3500 1039 3587 abItulicoarl
1056 3500 1183 3585 chetipo
1198 3502 1286 3565 ober-

293 3630 394 3694 raret,
411 3617 499 3683 hunc
513 3619 677 3685 liebellum
692 3620 897 3705 imprimebat
910 3642 1020 3686 mense
1038 3623 1044 3707 Ι
1063 3620 1176 3697 Iunio,
1200 3642 1287 3684 auno

293 3747 407 3801 octauo
433 3732 493 3824 sup
515 3738 722 3806 millesimum
742 3732 1042 3827 quingetesimuque
1067 3738 1081 3828 Ι
1097 3743 1150 3808 ut.
1176 3740 1286 3804 Fortes

293 3857 437 3921 Fortuna
451 3859 614 3924 Formidat
633 3860 638 3947 Ι
657 3862 684 3926 Ο
700 3861 722 3927 S
740 3862 783 3926 D.
800 3856 842 3943 ²⁸)

276 4060 320 4132 22)
338 4061 382 4116 De
402 4060 626 4117 uniuersitatibus
654 4062 793 4117 Bononiae
811 4060 972 4118 florentibus
989 4063 1046 4118 uid.
1066 4077 1125 4119 von
1143 4062 1283 4131 Suvlour,

208 4144 307 4200 Gesoh.
323 4144 371 4200 des
383 4147 464 4202 Rom.
479 4147 584 4202 Rechts
596 4148 633 4203 im
646 4147 818 4202 Mittelalter.
832 4148 863 4203 T.
877 4147 931 4202 ΙΙΙ.

274 4233 318 4305 23)
339 4231 512 4303 Opusoulum
521 4233 608 4288 forma
619 4240 643 4290 t.
654 4233 727 4305 typis
738 4233 815 4305 goth.
830 4232 1029 4306 elegantissime
1042 4252 1198 4309 expressum
1211 4243 1286 4291 caret
