3172 5212
727 542 763 585 x1

208 750 299 837 ginta
313 749 378 813 fere
401 746 496 811 annis
518 755 593 811 ante
614 746 867 808 Reusnerum
889 740 1016 825 scripsit
1040 740 1079 803 de
1098 738 1288 803 fundatione

208 869 391 936 academiae
407 867 582 953 primisque
598 863 666 928 eius
682 862 829 928 statutis:

293 987 472 1053 Fridericus
487 1008 517 1049 a.
540 991 619 1049 1502
636 982 831 1048 academiam
851 979 1031 1045 introduxit
1052 1001 1111 1043 rac
1133 977 1289 1061 usquead

291 1129 413 1174 annum
432 1111 511 1169 1508
528 1103 622 1169 cartis
637 1113 832 1168 statutorum
853 1099 1020 1178 formulis,
1043 1098 1106 1163 uti
1121 1096 1285 1182 opinor,

293 1227 535 1314 gubernandam
553 1223 704 1289 curauit«.

292 1346 417 1417 Quodsi
426 1354 568 1430 apparet,
577 1344 643 1408 iam
656 1346 737 1409 Zan
746 1362 902 1426 gerum,
913 1339 1136 1403 memoriarum
1145 1347 1290 1401 ueterum

206 1465 529 1552 exsequentissimum
544 1474 576 1528 et
583 1462 804 1527 acutissimum
811 1460 1030 1544 indagatorem
1045 1479 1150 1542 neque
1158 1456 1227 1540 ipsa
1234 1455 1291 1519 illa

207 1598 328 1653 statuta
339 1585 460 1649 uidisse
472 1583 798 1667 nequeullameorum
811 1579 1144 1645 commemorationem
1150 1576 1215 1640 fide
1222 1574 1291 1658 dig·

207 1727 283 1770 nam
294 1728 335 1769 ex
346 1704 512 1769 annalium
527 1713 689 1767 uetustate
695 1722 805 1765 eruere
811 1700 955 1785 potuisse
965 1720 1062 1764 :anno
1072 1701 1083 1760 1
1093 1705 1152 1760 5οἳ
1162 1697 1230 1760 ulla
1236 1709 1293 1759 aut

207 1822 426 1889 uniuersitatis
434 1823 675 1887 autfacutatum
683 1831 804 1885 statuta
818 1818 982 1905 publicata
996 1840 1064 1882 esse
1075 1828 1160 1882 recte
1172 1837 1291 1900 negan-

208 1947 284 2008 dum
300 1956 464 2028 esseputo.
482 1939 1291 2027 Nequehocunicumhabeoquomouearargumen·

208 2078 287 2128 tum.
307 2066 392 2128 Nam
403 2061 457 2126 uel
464 2084 504 2125 ex
511 2084 560 2138 eo,
579 2061 667 2144 quod
680 2059 917 2124 Fridericus
930 2058 1087 2123 electorin
1095 2057 1291 2143 praefatione

207 2183 336 2247 statutis
352 2179 631 2246 ann01508editis
645 2180 818 2265 praemissa
826 2179 935 2263 legum
949 2189 1043 2243 autea
1058 2179 1292 2264 publicatarum

207 2316 239 2366 ct
256 2313 334 2366 tunc
351 2302 605 2386 derogandarum
619 2300 744 2363 nullam
758 2299 833 2363 fecit
848 2299 1046 2364 mentionem
1062 2298 1159 2361 immo
1174 2300 1213 2361 de
1228 2296 1291 2360 uti·

207 2421 297 2484 litate
318 2432 350 2485 et
371 2420 562 2485 necessitate
584 2430 785 2484 statutorum·
804 2419 869 2504 egit
889 2420 1084 2504 generatim,
1120 2440 1178 2503 pro
1207 2427 1293 2481 certo

207 2538 313 2602 euinci
327 2549 444 2624 potest,
462 2549 584 2604 statuta
599 2549 673 2603 ante
686 2539 768 2602 illud
781 2552 906 2625 tempus
918 2539 1121 2626 promulgata
1136 2560 1199 2602 non
1213 2537 1291 2601 exti-

211 2657 298 2721 tisse.
315 2659 465 2742 Longum
480 2671 528 2722 est
544 2670 664 2723 ceteras
680 2659 796 2742 quibus
812 2660 910 2724 ducor
924 2659 1063 2724 rationes
1078 2657 1223 2744 pluribus
1239 2679 1292 2720 ex·

207 2798 337 2861 ponere,
354 2775 437 2839 illud
449 2789 554 2840 tamen
570 2799 635 2842 non
651 2800 780 2863 possum
792 2801 858 2843 non
874 2798 1130 2855 commemorare,
1148 2790 1180 2841 et
1188 2778 1293 2861 ipsum

208 2897 532 2961 Foerstemannu
544 2918 577 2959 m
593 2891 633 2978 ¹⁸)
655 2908 790 2962 »statuta
805 2910 935 2962 uetera«
956 2898 1118 2962 facultatis
1140 2896 1293 2980 theologi·

207 3037 262 3080 cae
292 3037 321 3079 a.
352 3018 431 3079 1502
455 3015 620 3103 publicata
641 3038 709 3080 esse
730 3019 959 3094 affirmantem,
987 3017 1106 3087 mirum
1138 3027 1294 3100 quantum

206 3132 333 3221 lapsum
349 3159 433 3215 esse,
460 3159 560 3222 quum
583 3136 640 3201 illa
660 3137 788 3222 quidem
814 3149 936 3202 statuta
956 3149 988 3201 et
1015 3137 1086 3222 ipsa
1107 3137 1176 3200 sine
1196 3135 1294 3199 dubio

206 3278 272 3319 uua
287 3278 361 3320 cum
380 3257 509 3323 statutis
527 3269 592 3322 tam
608 3257 828 3327 uniuersitatis
844 3281 941 3343 quam
956 3257 1089 3322 aliarum
1105 3257 1295 3321 facultatum

208 3400 317 3444 mense
332 3380 461 3443 Octobr.
481 3401 510 3442 a.
532 3384 611 3442 1508
628 3378 831 3462 promulgata
846 3376 923 3455 sint,
937 3375 976 3460 ¹⁴)
993 3377 1024 3440 id
1040 3377 1136 3461 quod,
1155 3388 1191 3439 ut
1206 3397 1294 3461 praa-

209 3510 325 3561 teream
349 3500 429 3576 alin,
454 3521 494 3561 ex
514 3497 705 3582 »Priuilegio
729 3497 956 3582 Magistrorum
980 3498 1074 3562 Sacra
1097 3497 1231 3582 paginae
1255 3498 1294 3560 ln

209 3618 386 3702 Gymnasio
404 3619 658 3701 Wittenbergen.
683 3628 921 3702 promotorum«
939 3616 976 3690 ¹¹⁵)
1000 3617 1077 3701 ipsis
1100 3617 1229 3682 statutis
1251 3617 1295 3679 fa·

278 3977 319 4047 13)
340 3976 401 4029 Lib.
417 3975 550 4028 Decanor.
565 3977 658 4030 facult.
672 3976 821 4047 theologie.
836 3986 889 4030 etc.
904 3977 932 4030 in
945 3978 1058 4045 praefat.
1073 3993 1100 4046 p.
1115 3977 1149 4029 V.
1182 3979 1192 4011 ἕ

280 4063 319 4133 14)
341 4061 382 4114 cf.
398 4060 553 4124 sannam,
569 4062 671 4115 Athen.
685 4062 801 4115 Witteb.
816 4079 874 4133 cap.
889 4062 952 4130 Vp.
967 4066 1010 4113 47.
1025 4064 1067 4114 48.

279 4154 320 4213 15)
338 4147 400 4200 Vid.
410 4147 484 4200 Libr.
494 4147 619 4200 decanor.
628 4147 722 4202 facult.
732 4146 852 4217 theolog.
862 4148 895 4200 ed
911 4148 1128 4202 Forasmmm
1140 4166 1166 4219 p.
1180 4154 1227 4203 149
1236 4168 1295 4221 sqq.
