3172 5212
802 542 882 586 x1111

297 766 427 829 paucos,
445 744 480 808 in
494 744 593 808 finem
607 742 741 807 huiusce
756 741 961 828 praefationis
977 743 1112 809 strictim
1128 755 1161 809 et
1175 744 1289 821 obiter,
1307 767 1377 830 pro·

299 876 336 929 41
350 863 493 948 postulat
507 863 552 928 rei
566 874 695 942 natura,
713 885 900 947 exposuero.

383 983 634 1068 christophorus
651 983 844 1062 Scheurl,
861 984 1079 1075 (Schewrl,
1105 983 1375 1062 Schewerlin,

298 1103 551 1180 Schewrlus,
583 1102 782 1167 Scheurle
803 1105 882 1186 etc.)
904 1098 947 1186 ²¹)
976 1103 1255 1188 Norimbergensis
1282 1114 1378 1169 natus

296 1234 346 1286 est
360 1223 392 1285 d.
410 1223 464 1286 XI
479 1243 582 1287 mens.
607 1223 783 1288 Nouembr.
808 1245 838 1287 a.
865 1229 959 1286 1481.
984 1225 1127 1288 Puerum
1146 1225 1256 1309 decem
1276 1244 1378 1288 annos

295 1356 410 1407 natum
425 1354 515 1427 pater
529 1341 778 1427 Heidelbergam
792 1343 881 1408 misit
888 1369 898 1421 3
916 1344 1019 1408 multa
1034 1342 1164 1422 etenim,
1185 1364 1268 1427 quae
1282 1342 1378 1408 hodie

295 1462 331 1525 in
344 1461 519 1547 gymnasiis
534 1463 716 1540 traduntur,
742 1473 820 1527 tunc
837 1463 987 1548 temporis
999 1462 1256 1531 adulescentibus
1271 1462 1377 1528 litera·

296 1605 367 1645 rum
380 1580 505 1666 cupidis
517 1580 552 1644 in
567 1581 834 1647 uniuersitatibus
849 1582 1001 1647 discenda
1015 1596 1133 1667 erant.¹
1149 1583 1232 1647 Inde
1247 1605 1276 1646 a.
1296 1586 1376 1644 1496

297 1701 432 1785 (14971)
454 1700 583 1766 Italiam
602 1702 763 1786 profectus
783 1712 832 1766 est
853 1724 890 1766 44
913 1702 1064 1779 44441114,
1089 1717 1127 1766 ut
1149 1702 1314 1767 Bononiae
1337 1702 1377 1765 ad

295 1821 578 1906 iurisprudentiam
593 1821 685 1886 cuius
708 1832 787 1886 tunc
802 1821 954 1906 temporis
969 1822 1036 1886 illic
1051 1822 1247 1887 celeberrimi
1263 1822 1377 1886 florue-

294 1951 372 2006 runt
386 1943 589 2027 professores,
614 1941 759 2006 studium
774 1964 965 2027 operamque
984 1942 1151 2006 conferret.
1184 1941 1285 2006 Cuius
1307 1940 1377 2025 qui·

295 2065 368 2128 dem
380 2062 506 2129 consilii
517 2061 665 2147 capiendi
676 2075 788 2125 auctor
798 2061 902 2126 fuerat
910 2060 1022 2127 Sixtus
1034 2062 1201 2139 Tucher,
1216 2064 1245 2126 Ι.
1258 2061 1302 2125 V.
1315 2061 1358 2123 D.
1363 2107 1373 2138 ,

293 2183 406 2249 Nostri
421 2183 602 2247 auunculus
618 2193 650 2246 et
664 2192 836 2265 patronus,
854 2181 921 2265 qui,
939 2192 1108 2267 postquam
1123 2180 1266 2246 studium
1280 2201 1375 2264 gene·

293 2304 360 2368 rale
376 2314 441 2367 tam
457 2301 616 2386 Papiense
631 2322 728 2384 quam
745 2301 937 2366 Patauiense
955 2311 989 2365 et
1003 2300 1208 2365 Bononiense
1227 2299 1375 2383 frequen·

294 2423 662 2507 tanitaeposteamagna
678 2420 861 2485 celebritate
876 2443 912 2485 ac
926 2421 1085 2505 frequenti
1100 2420 1258 2484 auditorio
1265 2419 1372 2504 Ingol·

293 2542 389 2607 stadii
405 2543 475 2606 iura
497 2541 626 2626 publice
640 2541 801 2626 professus
825 2554 884 2619 est,
907 2540 1105 2624 praepositus
1134 2540 1285 2604 ecclesiae
1313 2537 1373 2622 Sti.

294 2665 419 2727 Lauren
424 2662 460 2726 tii
467 2661 745 2746 Norimbergensis
758 2660 862 2728 faetus
875 2670 953 2725 erat.
972 2660 1138 2726 Bononiae
1150 2682 1227 2726 uero
1239 2658 1376 2744 contigit

294 2780 717 2859 841444414,414444444
739 2780 901 2845 continuis
923 2779 1017 2846 annis
1040 2783 1100 2846 sub
1121 2783 1244 2845 Ioanne
1266 2781 1374 2845 Cam-

291 2902 487 2987 peggioet
515 2901 681 2966 Ludouico
717 2900 967 2986 Bolognino,
999 2900 1276 2965 excellentissimis
1311 2911 1371 2963 etc.

360 3196 403 3260 21)
424 3194 465 3247 Cf.
485 3194 573 3247 Frena
584 3192 712 3247 Freiherr
726 3206 783 3247 144
796 3192 910 3257 soora,
931 3191 1079 3262 Christoph
1093 3189 1206 3245 Scheurl
1219 3189 1373 3242 (1444444114

291 3277 349 3331 und
360 3278 418 3331 sein
431 3279 594 3333 Wohnhaus
606 3279 635 3332 in
646 3278 794 3349 Nsirnberg
805 3286 856 3332 414.
876 3278 1032 3348 Ndrnberg.
1050 3281 1124 3330 1837.
1145 3280 1170 3329 8.
1190 3284 1219 3329 41
1235 3274 1372 3329 eiusdemi

291 3364 419 3434 Beitrage
432 3381 479 3418 zur
491 3364 654 3419 Geschiohte
667 3365 716 3418 der
727 3364 915 3418 Reformation
926 3362 983 3417 und
996 3362 1044 3416 der
1057 3361 1145 3415 811144
1159 3361 1239 3432 jener
1250 3360 1312 3415 Zeit
1323 3361 1374 3415 mit

290 3448 468 3503 besonderem
488 3451 624 3505 Hinblick
643 3451 693 3505 anf
712 3448 858 3519 Christoph
877 3449 991 3503 Soheurl
1010 3449 1049 3502 11.
1068 3447 1215 3517 Ndrnberg
1242 3451 1317 3502 1865.
1345 3452 1371 3502 8.

290 3537 402 3591 Praeter
415 3537 464 3590 hos
476 3536 562 3590 libros
575 3537 723 3608 diligenter
735 3535 784 3588 sed
795 3552 891 3606 parum
909 3535 1050 3607 ingeniose
1063 3541 1091 3589 et
1113 3532 1221 3588 erudite
1239 3551 1272 3588 ex
1291 3534 1372 3588 14411-

290 3620 343 3673 bus
354 3620 437 3675 rebus
449 3622 618 3693 grauissimis
631 3621 742 3693 repletis
754 3621 924 3693 conscriptos
942 3639 1008 3676 usus
1027 3638 1088 3675 sum
1104 3620 1170 3691 ipsis
1183 3618 1372 3675 8411414114-

289 3706 401 3776 peribus
414 3706 538 3777 inprimis
550 3707 674 3761 oratione
686 3708 715 3762 in
727 3706 837 3764 laudem
850 3708 1026 3774 Germaniae,
1046 3708 1116 3762 infra
1128 3705 1246 3762 citanda.
1266 3707 1307 3762 cf.
1322 3707 1371 3760 eti·

290 3809 333 3845 am
347 3792 465 3846 Conradi
483 3793 661 3860 Wntemsss,
683 3795 725 3849 uti
739 3795 844 3867 opinor,
858 3812 944 3865 opus,
967 3793 1041 3865 quod
1061 3792 1159 3848 Joach.
1177 3792 1241 3848 Joh.
1262 3794 1372 3848 Manna

289 3877 402 3932 titulum
409 3879 528 3933 addens:
538 3879 729 3951 „Scriptorum
741 3880 898 3951 insignium,
912 3879 999 3949 quiin
1013 3878 1204 3944 celeberrimis,
1212 3877 1371 3950 praesertim

289 3963 441 4034 Lipsiensi,
461 3965 712 4036 Wittenbergensi,
739 3965 951 4020 Francfordiana
978 3965 1013 4019 ad
1030 3964 1148 4019 Oderam
1165 3963 1325 4029 academiis,
1345 3966 1370 4017 A

288 4049 450 4104 fundatione
462 4051 581 4120 ipsarum
595 4069 680 4122 usque
692 4052 726 4106 ad
736 4069 836 4105 annum
848 4051 949 4106 Christi
964 4054 1038 4104 1515.
1052 4050 1211 4115 floruerunt,
1231 4049 1369 4115 Centuria,

288 4136 323 4189 ab
329 4145 438 4189 auctore
445 4135 503 4191 eius
511 4137 641 4210 temporis
648 4155 783 4210 anonymo
790 4139 952 4193 concinnata
957 4143 1009 4191 etc.
1018 4136 1185 4191 Helmstadii
1193 4138 1280 4190 lustu
1290 4135 1369 4189 form.

291 4233 317 4283 4.
332 4228 428 4283 edidit.
442 4229 505 4288 Quo
518 4229 588 4283 libro
601 4229 653 4283 sub
666 4230 733 4285 Nro.
747 4229 864 4288 n'xir‘ffii
883 4230 917 4284 de
931 4229 1087 4286 84444444
1097 4229 1196 4299 agitur.
