3172 5212
812 520 878 564 VIII

296 704 435 797 'nabun
453 719 480 803 ⁵)
500 722 618 786 deinde
633 721 733 806 copiis
747 744 826 785 cura
846 723 1050 787 Reusneri
1065 723 1161 789 <factis
1181 724 1383 791 Godofredus

306 842 468 906 Saeuus
484 841 519 905 in
533 843 753 924 componendo
769 841 850 905 libro
864 862 954 906 nunc
969 842 1097 927 quidem
1114 842 1274 907 rarissimo
1289 855 1338 906 et:

506 986 513 998 ·
562 960 755 1026 »Academia
769 961 1055 1046 Wittebergensis«
1071 976 1132 1026 eta.

647 1081 852 1165 (Witteberg.
874 1088 964 1146 1655.
984 1088 1045 1164 4⁰.)

306 1202 459 1287 inscripto
485 1222 564 1265 usus
593 1211 665 1276 esta
692 1200 886 1265 authenticis
910 1202 1049 1285 denique
1071 1223 1148 1267 usus
1171 1212 1219 1266 est
1240 1203 1385 1266 Andreas

289 1323 329 1387 'iS
339 1332 486 1386 ennert
501 1320 641 1385 scribens
655 1343 736 1406 opus
751 1321 835 1384 illud
848 1322 1175 1405 praestantissimum:

348 1441 511 1506 Athenae:
530 1441 671 1524 itemque
686 1441 908 1525 inscriptiones
917 1442 1163 1526 Wittebergens.
1182 1440 1271 1506 Libri
1280 1441 1313 1504 ΙΙ
1322 1454 1383 1504 etc.

350 1562 451 1644 (Edit.
470 1562 569 1625 altera
584 1560 706 1625 auctior
722 1573 754 1625 et
768 1560 946 1625 correctior.
965 1562 1098 1626 Witteb.
1116 1584 1146 1625 a.
1164 1584 1192 1624 c.
1214 1567 1306 1625 1578.
1325 1564 1387 1644 4⁰.)

393 1682 457 1745 Sed
472 1693 580 1745 tamen
594 1681 697 1744 multa
711 1680 824 1744 insunt
839 1681 920 1745 libro
940 1693 1049 1745 nostro
1070 1683 1280 1759 decanorum,
1306 1657 1387 1765 quae

306 1802 734 1886 fugeruntSennertum,
749 1802 990 1884 Zangerum,
1005 1802 1203 1878 Sueuum,
1221 1800 1387 1865 aliaabiis

308 1922 377 1986 sine
391 1921 511 1985 iudicio
541 1931 697 2004 tanquam
711 1942 786 1984 uera
801 1932 934 2004 accepta
946 1932 1023 1984 sunt
1032 1966 1042 1997 ‚
1066 1943 1147 2004 quae
1170 1921 1232 2004 ipsi
1253 1921 1388 1985 maiores

307 2063 411 2106 errore
425 2041 512 2126 eapti
524 2039 735 2103 tradiderunt.
767 2041 811 2104 Et
819 2042 907 2124 quod
921 2041 1062 2105 maxime
1074 2041 1246 2104 dolendum
1256 2051 1316 2116 est,
1333 2062 1388 2103 ne-

308 2184 361 2225 mo
376 2160 481 2224 adhuc
498 2158 626 2236 extitit,
649 2159 706 2243 qui
721 2159 817 2224 Frid
828 2162 886 2223 eri
898 2161 933 2225 ci
955 2162 1099 2225 electoris
1125 2171 1246 2224 statuta
1267 2158 1389 2244 publici

307 2282 425 2345 faceret
438 2278 534 2343 iuris:
566 2280 835 2364 quemadmodum
855 2279 985 2363 quidem
1006 2280 1074 2365 ipse
1095 2281 1254 2363 Zanger
1277 2300 1387 2364 prooe-

308 2400 365 2464 mii
380 2411 573 2464 statutorum
588 2409 710 2482 partem
727 2398 879 2477 orationi,
905 2422 1001 2484 quam
1017 2400 1146 2476 habuit,
1171 2399 1323 2476 inseruit,
1349 2421 1390 2462 ex

308 2519 386 2605 ipsis
401 2518 530 2583 statutis
545 2518 593 2581 nil
607 2518 752 2601 protulit.
784 2519 886 2602 Atqui
901 2519 1015 2583 horum
1031 2531 1225 2585 statutorum
1245 2541 1328 2604 quae
1347 2519 1391 2583 sit

309 2642 377 2717 uis,
395 2661 476 2725 quae
492 2637 681 2715 auctoritas,
700 2640 785 2722 quod
800 2640 945 2722 pondus,
963 2639 1057 2703 facile
1071 2639 1253 2724 intelleget,
1270 2640 1326 2726 qui
1342 2660 1389 2704 se·

306 2773 425 2846 quatur
440 2759 636 2824 Fridericum
652 2758 893 2822 Zarnckium
909 2755 931 2839 ⁰)
960 2770 1045 2824 recte
1059 2771 1259 2836 monentem,
1282 2760 1357 2822 inde
1372 2761 1394 2823 a'

307 2881 438 2945 condita
453 2878 615 2944 academia
630 2878 855 2964 Vitebergensi
874 2901 992 2944 nouam
1009 2891 1144 2944 aetatem
1162 2879 1197 2943 in
1220 2878 1391 2943 annalibus

308 2998 557 3066 uniuersitatum
572 2998 837 3062 Germanicarum
851 2999 1042 3077 surrexisse,
1063 2999 1181 3084 quippe
1195 3020 1296 3083 quum
1316 3008 1392 3060 ante

309 3121 538 3204 Vitebergense
553 3118 697 3182 studium
711 3119 859 3224 geperale
872 3119 1027 3183 fundatae
1042 3119 1077 3181 in
1092 3117 1267 3182 Germania
1281 3118 1392 3180 acade-
1473 3124 1477 3131 '

309 3241 392 3304 miae
406 3239 556 3303 instituta
571 3249 697 3302 tantum
713 3252 745 3304 et
759 3238 876 3302 formas
891 3238 1139 3302 uniuersitatum
1163 3236 1350 3300 Italicarum
1361 3248 1393 3299 et

311 3357 630 3443 Francogallicarum,
648 3379 729 3442 quae
741 3358 846 3421 medio
861 3379 941 3421 aeuo
952 3357 1140 3434 floruerunt,
1158 3356 1302 3420 imitatae
1313 3355 1390 3433 sint,

309 3477 513 3544 uniuersitati
528 3476 752 3561 Vitebergensi
767 3475 912 3539 dederint
927 3476 1047 3561 primae
1062 3476 1234 3540 nutritores
1250 3475 1392 3541 eiusdem

308 3600 442 3663 formam
459 3597 613 3680 aptiorem
628 3597 722 3660 nouis
737 3596 878 3660 moribus
894 3596 1164 3680 temporibusque.

379 3871 405 3940 5)
424 3867 537 3940 Saepius
558 3868 644 3922 oratio
657 3869 789 3923 Zaratum
807 3869 879 3939 typis
893 3878 1002 3923 exarata
1020 3877 1072 3922 est.
1092 3871 1219 3924 Inuenies
1239 3889 1298 3924 eam
1319 3870 1391 3940 apud

311 3957 428 4010 Svsvvu
440 3955 460 4009 1.
472 3955 492 4008 l.
513 3954 590 4023 Siga.
608 3954 654 4007 Dd
667 3953 706 4008 3¹³.

380 4047 407 4099 61
425 4040 477 4093 Die
490 4038 690 4092 urkundlichen
703 4039 821 4116 Quellen
835 4059 883 4095 zur
896 4042 1059 4096 Geschiehte
1073 4043 1120 4096 der
1133 4039 1301 4097 Universitttt
1313 4040 1393 4111 Leip-

312 4129 357 4198 zig
369 4134 420 4180 etc.
441 4127 485 4179 in=
506 4124 728 4195 Abhandlungen
747 4126 794 4179 der
808 4128 1010 4198 philosophisch
1030 4129 1210 4182 historischen
1229 4128 1326 4182 Klasse
1346 4127 1394 4180 der

311 4212 424 4282 Konigl.
439 4211 534 4265 Sachs.
550 4210 732 4265 Gesellsehaft
745 4214 792 4268 der
805 4212 1050 4269 wissenschaften.
1066 4217 1097 4268 Τ.
1113 4214 1183 4268 IlIl.
1198 4232 1225 4285 p.
1240 4217 1300 4267 527.
