3172 5212
829 518 849 576 4

735 602 940 613 -—-—-——-

299 736 422 820 pientia
443 735 656 812 constitutae,
681 747 766 799 totae
788 736 829 799 ad
855 757 957 819 genus
987 737 1164 813 humanum
1189 739 1377 820 regendum,

299 856 564 940 gubemandnm,
596 854 833 920 defendendum
859 855 1075 940 excogitatae,
1105 868 1190 920 totae
1212 858 1253 921 ad
1280 858 1379 922 vitam

300 977 382 1040 bene
395 976 553 1059 beateque
567 976 723 1058 agendam
742 973 914 1054 inuentae,
939 976 1008 1041 sine
1029 975 1145 1060 quibus
1165 977 1293 1041 nullum
1314 977 1379 1040 Im·

298 1095 439 1181 perium,
457 1094 582 1159 nullam
596 1093 841 1178 Rempublicam
856 1095 974 1161 scimus
990 1116 1083 1179 posse
1097 1117 1165 1160 esse
1180 1095 1377 1173 diuturnam,

299 1225 483 1299 propterea,
507 1216 592 1298 quod
614 1236 702 1278 arma
723 1215 862 1299 Imperia
881 1226 1017 1299 parant,
1036 1215 1121 1301 leges
1143 1227 1235 1299 parta
1253 1236 1380 1280 conser-

300 1347 392 1400 uent.
428 1334 521 1399 Sicut
536 1333 623 1398 enim
639 1332 708 1397 sine
723 1334 819 1398 armis
833 1356 932 1419 regna
947 1335 1068 1419 acquiri
1082 1357 1147 1399 non
1163 1347 1315 1420 possunt:
1335 1336 1380 1399 ita

300 1465 467 1538 nequeunt
482 1453 560 1518 haec
576 1455 685 1518 eadem
697 1454 766 1519 sine
777 1453 904 1539 legibus
916 1454 1086 1532 custodiri,
1111 1467 1278 1541 propterea
1293 1458 1379 1539 quod

299 1575 386 1660 leges
400 1573 486 1639 muri
501 1585 579 1638 sunt
593 1585 626 1638 et
645 1574 857 1639 fundamenta
875 1574 1064 1652 ciuitatum,
1088 1575 1122 1638 in
1143 1575 1259 1659 quibus
1279 1576 1379 1645 bonos

300 1714 396 1778 quam
412 1693 573 1761 tutissime
587 1693 751 1772 detinent,
773 1694 874 1759 malos
890 1705 1016 1772 arcent,
1041 1694 1207 1779 inquibus
1223 1695 1309 1759 selus
1323 1696 1379 1759 bo-

299 1834 434 1892 norum,
459 1814 593 1879 consilia
615 1813 756 1879 ciuitatis
776 1825 809 1878 et
828 1813 917 1899 pacis
931 1812 960 1898 ⁴)
981 1814 1138 1898 praesidia
1159 1815 1377 1891 continentur,

301 1934 417 2018 quibus
433 1934 500 1998 vita
514 1935 647 2019 perinde
658 1945 788 2012 tuetur,
806 1958 843 1999 ac
858 1935 929 1999 cibo
944 1954 1059 2019 corpus
1075 1945 1284 2018 sustentatur.
1315 1934 1380 1998 Ve-

299 2075 373 2117 rum
387 2052 467 2137 quia
478 2076 592 2138 parum
606 2065 689 2120 esset
704 2054 798 2138 leges
811 2055 1031 2140 interpretari,
1055 2054 1118 2118 nisi
1140 2053 1237 2118 etiam
1252 2053 1378 2138 legibus

300 2173 480 2251 sineretur,
505 2173 604 2239 Vobis
619 2171 646 2257 ις)
669 2196 795 2259 quoque
815 2175 900 2259 leges
927 2186 1048 2240 vestras
1075 2173 1323 2239 transmittimus
1346 2174 1380 2236 in
1470 2170 1477 2187 ⁸

300 2314 403 2357 unum
417 2293 572 2358 redactas.
598 2295 641 2359 Et
655 2294 826 2359 memoriae
841 2294 1003 2378 proditum
1017 2305 1084 2371 est,
1103 2295 1307 2378 Lycurgum,
1324 2292 1380 2376 qui

300 2412 496 2498 temporibus
525 2413 651 2477 Helisei
678 2412 814 2489 claruit,
846 2425 883 2477 ut
907 2414 1130 2478 aeternitatem
1159 2414 1283 2507 iegibus
1313 2413 1379 2479 suis

298 2533 399 2610 daret,
416 2531 623 2597 iureiurando
637 2532 823 2601 astrinxisse
837 2532 936 2612 ciues,
953 2533 1036 2598 nihil
1051 2555 1104 2597 eos
1119 2534 1158 2597 de
1172 2533 1297 2618 legibus
1312 2532 1380 2598 suis

302 2662 501 2729 mutaturos,
525 2652 712 2736 priusquam
726 2664 954 2730 reuerteretur;
977 2665 1011 2717 et
1026 2674 1059 2717 se
1073 2655 1114 2717 ad
1129 2653 1294 2718 oraculum
1308 2675 1379 2737 pro

299 2772 399 2837 ficisei
413 2771 580 2837 simulasse
595 2772 838 2849 consulturum,
854 2772 934 2857 quid
949 2774 1130 2838 addendum
1146 2774 1380 2837 mutandumue

299 2892 475 2968 videretur;
500 2893 557 2957 sed
574 2890 609 2956 in
624 2893 755 2975 Cretam
774 2892 952 2978 proiectum
973 2892 1081 2977 ibique
1102 2904 1292 2977 perpetuum
1313 2894 1379 2955 exi-

298 3012 381 3076 lium
395 3010 516 3096 egisse,
540 3011 698 3097 abiicique
720 3013 755 3077 in
769 3035 856 3077 mare
870 3034 943 3077 ossa
957 3035 1017 3077 sua
1031 3012 1219 3089 morientem
1235 3011 1376 3087 iussisse,

299 3155 340 3197 ne
376 3131 485 3196 relatis
518 3131 691 3217 aliquanda
726 3132 1010 3199 Lacedaemoniam
1041 3131 1224 3216 Sparciatae
1250 3131 1379 3196 iurisiu-

298 3251 392 3317 randi
407 3251 561 3336 religione
584 3253 706 3318 solutos
721 3253 757 3316 in
772 3251 986 3317 dissoluendis
1000 3251 1126 3335 legibus
1141 3273 1175 3315 se
1189 3251 1378 3317 arbitraren-

301 3383 363 3436 tur.
401 3373 454 3436 Ita
474 3392 533 3435 nos
555 3393 682 3456 quoque
697 3392 855 3457 quemque
870 3374 1022 3438 Vestrum
1038 3371 1243 3436 iureiurando
1257 3370 1377 3454 obliga-

297 3514 383 3570 mus,
400 3491 552 3556 instituta
567 3503 688 3568 nostra,
706 3514 769 3556 non
787 3493 882 3555 modo
894 3493 995 3555 donec
1006 3491 1098 3555 nobis
1113 3491 1179 3554 vite
1193 3490 1375 3574 contigerit,

298 3635 409 3678 verum
424 3611 521 3676 etiam
532 3624 686 3696 perpetuo
698 3611 818 3675 sincere
830 3611 1001 3688 custodire,
1020 3624 1056 3674 ut
1067 3610 1138 3674 aliis
1150 3609 1219 3679 sitis
1232 3609 1379 3693 exemplo

299 3746 331 3799 st
353 3755 412 3798 nos
433 3729 678 3814 Rempublicam
701 3743 843 3795 nostram
868 3731 902 3794 in
924 3730 1069 3816 partibus
1091 3731 1190 3794 Vobis
1212 3730 1378 3795 credendis

299 3865 369 3919 tute
383 3851 483 3918 Vobis
498 3834 696 3913 committere
711 3851 869 3934 possimus
885 3846 923 3931 6).
954 3851 1024 3915 Vsu
1038 3873 1177 3936 namque
1192 3851 1375 3926 didicimus,
1414 3908 1419 3929 ,

367 4060 395 4131 4)
419 4058 482 4112 Ood.
496 4019 636 4124 naa.¹psce.

368 4146 394 4213 5)
415 4143 479 4198 eod.
493 4161 542 4196 ms.
561 4141 651 4197 nobis.

369 4232 395 4304 a)
418 4229 481 4284 coa.
496 4248 544 4283 aas.
558 4244 713 4299 possumus.
