3172 5212
222 761 398 825 secundum
414 780 522 823 eorum
534 758 678 823 ordinem
693 781 816 841 semper
827 760 914 824 intra
926 753 968 838 ²²)
984 757 1166 841 quindecim
1182 758 1249 821 dies
1261 752 1303 840 ²⁸)

219 890 392 964 procurent
405 877 546 961 aliquem
561 878 825 947 scholasticorum
841 891 940 943 terere
955 876 1122 954 circulum,
1141 876 1195 940 cui
1210 899 1300 961 prae-

219 997 355 1063 rideant.
396 997 639 1083 Disputationes
660 1010 770 1061 autem
794 998 882 1082 ipsae
899 997 965 1062 sint
987 996 1146 1072 sincerae,
1165 997 1298 1072 amicae,

219 1140 284 1182 non
313 1117 504 1182 clamorosae
527 1128 561 1181 et
581 1117 726 1194 odiosae,
752 1118 854 1202 magis
876 1119 917 1181 ad
942 1116 1115 1181 eruendam
1136 1115 1301 1179 veritatem

220 1259 317 1322 qaam
332 1240 371 1302 ad
388 1238 515 1302 inanem
530 1237 664 1321 gloriam
680 1238 901 1320 occupandam
917 1236 1184 1301 accommodatae.

332 1583 402 1654 DE
428 1574 588 1656 HORIS
615 1585 834 1657 LECTION
840 1586 915 1655 VM
943 1583 1007 1654 ΕΤ
1034 1584 1183 1655 MODO

636 1720 873 1791 LEGENDI.

591 1956 709 2033 carun
735 1954 923 2009 oscinum.

305 2197 448 2266 Quilibet
461 2199 647 2282 aprincipio
660 2198 754 2261 horae
766 2195 918 2280 usquead
934 2197 1031 2258 finem
1045 2195 1132 2278 legat
1145 2217 1220 2259 voce
1236 2195 1298 2257 cla·
1376 2196 1380 2205 '

218 2328 299 2382 raet
314 2316 528 2403 intellegibili.
547 2317 737 2381 Ordinarius
753 2316 787 2380 id
802 2327 850 2380 est
866 2314 1071 2398 Praepositae
1086 2325 1206 2378 aestate
1221 2313 1301 2378 hora

220 2447 320 2514 sexta,
330 2437 436 2501 hieme
448 2436 783 2522 septimaordinarius
794 2437 902 2519 legum
918 2446 1039 2499 aestate
1051 2446 1176 2510 octaua,
1194 2434 1300 2499 hieme

219 2580 322 2636 nona,
341 2558 422 2622 alter
437 2557 616 2621 ordinarius
632 2558 740 2641 legum
763 2555 841 2620 hora
862 2555 973 2630 tertia,
996 2554 1175 2618 ordinarius
1198 2577 1298 2619 nouo-

220 2700 291 2741 rum
305 2678 424 2743 iuriam
439 2676 645 2755 duodecima,
664 2675 844 2741 ordinarius
860 2673 1108 2738 Institutionum
1123 2673 1157 2736 in
1180 2684 1301 2737 aestate

219 2797 296 2860 hore
311 2797 446 2880 septima
461 2796 496 2859 in
511 2794 615 2859 hieme
629 2788 709 2860 hora
723 2807 837 2858 octaua
851 2792 955 2878 legat,
977 2794 1011 2856 in
1027 2790 1121 2856 tertio
1136 2805 1169 2856 et
1189 2805 1302 2876 quarto

220 2916 438 2980 Decretalium
458 2926 571 2999 quarta
593 2916 771 2979 ordinarius
787 2915 995 2977 Decretorum
1016 2911 1096 2976 hora
1116 2911 1178 2974 sibi
1198 2925 1230 2976 et
1245 2934 1301 2976 au·

220 3033 376 3099 ditoribus
396 3036 545 3120 eangruis
561 3032 603 3116 ²⁴)
628 3035 757 3112 diebus,
776 3033 891 3116 quibus
908 3031 964 3095 alii
978 3052 1050 3094 non
1064 3030 1182 3116 legent.
1208 3031 1300 3095 Ordi-
1334 3120 1337 3123 Ι

220 3155 329 3219 narius
352 3154 385 3218 id
407 3166 455 3219 est
477 3157 683 3240 Praepositus
706 3154 792 3238 legat
822 3151 932 3215 titulos
963 3148 1138 3214 ordinarios
1166 3149 1300 3234 diligen-

220 3284 287 3350 ter;
304 3273 459 3339 ordinarii
471 3272 513 3357 ²⁶)
535 3275 643 3359 legum
666 3284 799 3338 teneant
813 3268 854 3354 ²⁰)
875 3272 959 3335 inter
979 3292 1013 3334 se
1035 3269 1123 3333 hune
1138 3270 1298 3335 ordinem:

221 3393 260 3455 ln
275 3393 431 3478 principio
447 3395 547 3458 studii
562 3395 595 3458 id
611 3407 660 3458 est
675 3393 769 3459 tertia
783 3390 975 3456 Nouembris
990 3388 1087 3453 huius
1102 3391 1180 3455 anni
1195 3391 1301 3456 octaui

219 3534 313 3576 mane
328 3512 453 3597 legatur
467 3515 532 3579 Tit.
551 3517 591 3578 de
606 3514 708 3578 officio
724 3513 792 3577 eius
808 3511 862 3575 cui
882 3510 1034 3574 mandata
1054 3520 1102 3573 est
1123 3510 1302 3575 iurisdictio
1412 3501 1416 3507 ’

219 3632 268 3709 ff,
299 3633 383 3696 facto
413 3634 548 3717 prandio
583 3634 648 3698 Tit.
681 3636 720 3698 de
747 3633 824 3696 noui
857 3630 960 3716 operis
985 3628 1209 3707 nunciatione3
1253 3653 1300 3694 se-

290 3902 333 3971 22)
356 3903 418 3956 coe.
433 3923 480 3957 aas.
501 3905 537 3957 in.
554 3891 557 3896 ¹

292 3990 335 4058 23)
359 3989 422 4042 uod.
436 4008 485 4042 ms.
500 3990 553 4043 die.

291 4076 334 4146 24)
356 4074 418 4128 C'od.
432 4093 482 4128 ms.
497 4092 626 4146 congrua.

294 4161 339 4232 25)
362 4161 426 4215 Ood.
441 4180 489 4214 me.
504 4160 665 4215 ordinarius.

294 4247 337 4317 26)
361 4247 424 4301 eod.
439 4266 488 4301 ms.
502 4254 605 4301 tenent.
