3172 5212
698 517 787 585 'vnn

297 746 361 809 Sed
376 745 454 809 haee
470 744 576 810 omnia
590 745 749 829 quomodo
768 721 933 808 laetasint
947 743 1011 807 alio
1024 742 1094 807 loeo
1109 744 1294 828 opportuni·

214 877 261 929 tas
276 863 407 929 dabitur
420 864 517 929 latius
532 864 686 929 anfusius
701 863 894 949 exponendi.
933 865 1008 928 Hae
1023 873 1131 928 autem
1151 863 1294 948 pagellae

212 984 343 1049 edendis
359 1006 432 1048 oum
447 984 537 1048 breui
551 985 713 1069 prooemio
730 983 860 1049 statuatis
882 982 1025 1067 antiquis
1047 984 1183 1067 lot-<Q
1204 982 1294 1047 Vite·

212 1104 417 1187 bergensium
432 1126 472 1167 ex
486 1102 569 1167 libro
582 1110 692 1168 nostro
707 1104 899 1168 decanorum
914 1113 989 1188 apte
1003 1102 1198 1167 uidebantur
1214 1101 1295 1166 mihi

212 1223 385 1300 destinari,
403 1243 440 1287 eo
455 1223 578 1307 magis,
606 1224 690 1307 quod
705 1223 808 1307 prima
824 1222 944 1288 ordinis
964 1223 1100 1305 ICQ
1120 1221 1296 1306 Regimon·

213 1326 372 1420 tanarum,
389 1342 423 1406 in
439 1363 503 1427 qua
517 1355 557 1407 ut
571 1342 677 1407 locum
693 1343 879 1419 obtinerem,
897 1341 1017 1407 hancce
1029 1343 1296 1426 quantulamcun-

198 1436 274 1546 ¹que
289 1462 463 1547 conscripsi
479 1463 751 1541 dissertationem,
767 1463 870 1526 torma
885 1483 925 1525 ex
939 1462 1218 1545 Vitebergensium
1234 1471 1296 1526 sta-

176 1654 178 1659 y
214 1583 292 1646 tutis
308 1581 400 1665 quasi
415 1605 459 1647 ex
473 1583 562 1647 fonte
577 1593 610 1646 et
625 1582 747 1665 origine
761 1581 849 1646 haud
864 1581 959 1646 dubie
975 1583 1148 1646 emanauit.
1163 1580 1190 1664 ⁷)

298 1702 419 1766 Verum
439 1714 586 1792 suscepto
602 1701 705 1766 offioio
720 1702 852 1766 editoris
865 1723 1047 1765 recenseam
1062 1720 1142 1786 opus
1158 1713 1207 1766 est
1221 1724 1297 1784 prae

215 1821 346 1884 caeteris
362 1844 409 1894 ea,
429 1843 510 1905 quae
525 1823 564 1885 de
579 1832 773 1886 statutorum
787 1820 870 1886 infra
881 1822 1077 1886 edendorum
1089 1821 1296 1906 conceptione

215 1953 246 2005 et
261 1941 477 2025 publicatione
491 1941 718 2025 perhibentur,
743 1962 843 2025 eaque
859 1940 1067 2025 perhibentur
1092 1940 1125 2004 in
1147 1941 1216 2026 ipso
1240 1962 1297 2005 no·

215 2075 279 2124 stro
294 2062 486 2125 decanorum
501 2060 582 2125 libro
599 2060 668 2141 (fol.
689 2059 743 2123 24Β
758 2064 842 2145 sq.),
860 2060 915 2144 qui
931 2059 977 2124 sie
992 2061 1149 2145 loquitur:

300 2182 396 2244 Anno
411 2181 544 2245 Domini
559 2180 730 2245 millesimo
752 2181 1009 2266 quingentesimo
1029 2183 1170 2245 secundo
1190 2181 1224 2243 in
1247 2179 1298 2244 die.

301 2301 404 2365 saneti
421 2302 529 2365 Lucae
543 2300 735 2366 intronisata
749 2296 776 2383 ⁸)
792 2302 943 2365 estAlma
958 2301 1144 2365 achademia
1159 2300 1298 2364 Witten·

299 2421 467 2504 burgensis
481 2431 514 2484 et
528 2442 585 2506 per
596 2420 718 2485 Iulium
734 2421 910 2485 secundum
919 2431 952 2485 et
960 2421 1222 2486 Maximilienum
1233 2423 1299 2485 Ro·

301 2562 470 2604 manorum
484 2563 592 2625 regem
607 2544 795 2605 confirmate
814 2542 854 2604 ad
874 2540 976 2605 instar
996 2541 1139 2606 omnium
1163 2540 1299 2605 aliorum

145 2742 148 2749 ,
239 2740 241 2745 Ι
301 2659 544 2743 gimnasiorum.

381 2778 472 2847 Quae
493 2792 578 2844 recte
599 2779 631 2843 et
645 2781 821 2864 gubernata
836 2778 898 2843 fnit
913 2780 1006 2845 certis
1022 2779 1161 2854 statutis,
1185 2779 1300 2864 quibus

304 2899 424 2982 singuli
440 2899 595 2965 beneficio
609 2899 898 2963 illustrissimorum
915 2899 1103 2983 Principum
1115 2899 1178 2962 Dei
1193 2898 1301 2982 gracia

302 3017 454 3082 Friderioi
466 3018 546 3082 sacri
557 3018 697 3082 Romani
710 3017 841 3102 Imperii
851 3017 1017 3096 Eleutetis,
1032 3018 1190 3083 Praefecti
1203 3020 1299 3083 Proe-

304 3137 383 3203 to'rio
407 3152 439 3201 et
459 3138 608 3215 Ioannis,
633 3139 762 3202 Ducum
786 3136 942 3201 Saxoniae
965 3149 1025 3201 ete.
1071 3138 1301 3203 Vniuersitatis

303 3259 524 3322 Fundatornm
539 3258 638 3343 gratis
654 3269 685 3321 et
707 3259 827 3341 absque
848 3260 991 3322 mercede
1016 3260 1298 3359 pmmouebantur.

289 3366 425 3373 .·—-——-

290 3416 312 3477 t)
334 3411 376 3464 Cf.
398 3410 431 3466 de
445 3411 622 3481 conceptione
636 3419 801 3465 statutorum
822 3408 975 3465 academiae
994 3412 1227 3482 Regimontanae:
1246 3412 1301 3466 Da-

219 3495 275 3550 niel
294 3496 426 3550 Heinrich
444 3499 603 3561 Aahotnr,
629 3496 824 3552 Ausftihrliehe
842 3497 899 3550 und
917 3497 968 3550 mit
985 3496 1135 3551 Urknudeu
1153 3498 1301 3551 rerseheue

221 3581 344 3636 Historie
363 3582 410 3634 der
435 3582 893 3653 KonigsbergisohenUniversitttt.
921 3587 944 3637 1.
960 3583 1049 3637 Theil.
1064 3584 1202 3656 Kbnigsb.
1217 3584 1235 3637 i.
1254 3583 1299 3637 Pr.

224 3669 288 3719 ttto
301 3684 328 3735 p.
347 3667 392 3716 127
406 3680 457 3733 sq,
474 3683 500 3735 p.
519 3668 574 3719 130.
598 3666 769 3736 Quamquam
787 3664 854 3717 ordo
865 3662 973 3729 Icus—nun
986 3666 1020 3720 ab
1039 3667 1118 3721 initio
1131 3675 1235 3721 statuta
1246 3684 1301 3721 non

221 3748 339 3819 accepit,
358 3757 449 3801 tamen
473 3768 533 3803 eum
557 3751 701 3804 formatum
718 3768 776 3803 esse
801 3749 925 3820 exemplo
943 3751 1146 3824 Vitebergensis
1166 3754 1303 3807 facultatis

222 3851 301 3888 nemo
313 3832 366 3886 nisi
378 3833 509 3889 historiae
522 3836 709 3890 uniuersitatis
722 3835 937 3905 Regimontanae
956 3854 1042 3907 paene
1061 3839 1173 3909 ignarus
1192 3838 1303 3893 nocebit

221 3923 249 3975 in
263 3920 387 3973 dubium.
401 3919 463 3972 Vid.
478 3921 554 3974 Max.
569 3923 712 3987 Tempus,
728 3922 771 3987 die
785 3921 936 3992 Grundung
949 3921 997 3975 der
1009 3923 1302 3995 UniversitatKonigs·

220 4007 288 4076 berg
301 4011 352 4059 eto.
366 4004 502 4075 Konigsb.
520 4009 583 4059 1844
597 4023 623 4076 p.
639 4010 688 4060 228
701 4025 741 4076 sq.

291 4093 316 4163 8)
331 4093 363 4145 In
376 4091 446 4144 libro
457 4091 514 4161 ipso
528 4092 636 4162 legitur:
651 4092 818 4146 incrassata.
840 4094 893 4146 Sed
907 4095 958 4147 hoe
970 4095 1068 4149 falsum
1080 4113 1140 4149 esse
1150 4114 1229 4149 nemo
1240 4097 1300 4160 erit,

223 4178 269 4248 qni
294 4197 347 4230 non
373 4177 514 4231 concedat.
552 4175 594 4229 cf.
620 4177 695 4230 Libr.
722 4178 856 4230 Deeanor.
884 4180 979 4233 facult.
1004 4181 1152 4253 theologia.
1179 4191 1230 4236 etc.
1258 4182 1300 4235 ed.

224 4264 442 4317 Founsrnusnr
456 4281 482 4333 p.
501 4266 524 4314 t.
