3172 5212
326 871 395 943 DE
422 871 668 943 EXPENSIS
688 869 1176 943 PROMOVENDORVM.

591 1105 710 1159 servu
730 1087 915 1161 oomvvot.

295 1366 346 1429 Ad
362 1365 440 1428 hoec
455 1377 493 1430 ut
506 1364 710 1430 Vniuersitas
729 1363 831 1448 possit
852 1386 990 1429 crescere
1012 1377 1045 1430 et
1065 1364 1219 1435 Doctores
1234 1393 1291 1455 pro

211 1485 372 1549 laboribus
383 1484 449 1549 suis
462 1484 584 1569 aliquid
591 1484 753 1569 consequi,
764 1485 911 1548 volumus
927 1487 1011 1569 quod
1019 1485 1149 1549 obtenta
1164 1482 1290 1566 dispen-

211 1605 334 1670 satione
351 1605 581 1669 Baccalaureus
596 1606 631 1668 in
646 1604 799 1668 canonico
814 1605 865 1667 vel
880 1616 1013 1688 utroque
1021 1604 1089 1668 iure
1098 1605 1184 1688 apud
1200 1605 1291 1668 deco·

211 1747 290 1789 num
305 1725 445 1809 deponat
458 1745 569 1788 aureos
585 1725 733 1788 undecim
750 1737 782 1789 et
796 1737 933 1809 quatuor
947 1745 1088 1807 grossos,
1113 1725 1148 1786 in
1163 1723 1233 1788 iure
1248 1720 1291 1785 ei·

212 1844 272 1909 uili
286 1865 398 1908 amoos
413 1865 536 1919 omem,
553 1844 761 1927 septendecim
772 1865 897 1927 grossos
905 1839 957 1925 ¹⁸),
976 1843 1122 1908 denarios
1137 1853 1219 1920 octo,
1237 1841 1290 1906 Li-

211 1963 371 2028 centiatus
392 1962 539 2026 canonici
559 1963 610 2026 vel
634 1963 802 2047 utriusque
823 1963 901 2027 iuris
923 1984 1034 2027 aureos
1056 1962 1212 2039 sedecim,
1235 1983 1291 2024 no·

212 2105 286 2147 uem
300 2103 438 2167 grossos,
455 2080 533 2145 iuris
549 2082 654 2147 ciuilis
670 2091 793 2147 tantam
810 2079 850 2166 ¹⁰)
865 2104 977 2147 aureos
993 2084 1158 2160 undecim,
1177 2080 1290 2165 viginti

214 2224 351 2288 grossos,
370 2203 490 2265 Doctor
505 2202 650 2265 canonici
664 2204 714 2267 oet
727 2201 767 2284 ²⁰)
783 2203 950 2286 utriusque
968 2202 1046 2267 iuris
1064 2204 1194 2266 tandem
1214 2203 1292 2265 duo·

211 2323 314 2386 decim
329 2343 458 2398 aureos,
476 2321 591 2404 viginti
605 2344 747 2405 grossos,
761 2334 837 2386 octo
852 2323 1008 2387 denarios.
1032 2324 1084 2387 Ne
1099 2334 1208 2386 autem
1222 2343 1293 2406 gra·

215 2441 559 2507 dus-Baccalaureatus
580 2441 735 2505 habeatur
756 2442 955 2526 contemptui
975 2443 1141 2521 volumus,
1167 2452 1204 2506 ut
1225 2464 1291 2506 nou

211 2562 444 2627 Beccalaureus
464 2560 571 2625 soluat
592 2582 701 2624 omnes
725 2584 880 2646 expensas
901 2563 994 2626 illum
1016 2565 1151 2647 gradum
1166 2584 1292 2627 concer-

212 2692 336 2758 nentes,
354 2681 485 2765 perinde
500 2703 536 2744 ac
552 2680 579 2743 si
595 2693 673 2745 tune
687 2694 852 2764 promotus
867 2683 982 2747 fuisset
996 2682 1030 2744 in
1043 2682 1292 2746 Boccalaureum

213 2800 338 2870 Quodsi
352 2801 589 2884 promouendus
604 2800 746 2884 legitime
760 2823 817 2885 per
831 2801 938 2865 omnia
953 2823 988 2864 se
1002 2801 1177 2866 ostenderit
1190 2802 1292 2885 gradu

212 2921 363 3004 dignum,
381 2921 530 2985 Decanus
546 2930 707 3004 acceptam
723 2921 891 3004 pecuniam
907 2920 967 2984 hoo
988 2921 1082 2984 modo
1103 2922 1288 2985 distribuat:

213 3040 352 3105 Nomine
374 3041 581 3105 Baccalaurei
609 3039 754 3103 canonici
782 3041 833 3111 vel
860 3042 1026 3125 utriusque
1053 3040 1133 3105 iuris
1160 3041 1292 3105 Rectori

212 3181 337 3244 grossos
353 3160 511 3244 quinque,
529 3160 659 3223 Docono
674 3160 800 3237 decem,
817 3161 1089 3232 examinatoribus
1104 3162 1185 3225 duos
1199 3161 1291 3225 fiore-

213 3301 271 3344 nos
280 3328 289 3357 ,
308 3280 480 3364 promotori
494 3301 613 3355 unum,
634 3280 773 3343 liedellis
794 3282 901 3344 decem
916 3302 1060 3365 grossos,
1078 3281 1198 3345 aerario
1213 3282 1291 3345 infe·

213 3411 263 3464 rat
276 3420 388 3464 aureos
404 3409 541 3482 septem3
559 3400 688 3463 nomine
700 3400 874 3465 Licentiati
887 3402 1017 3466 Rectori
1030 3403 1137 3465 decem
1152 3422 1290 3485 grossos,

214 3519 413 3584 Cancellario
427 3520 536 3583 decem
544 3567 554 3597 ,
572 3521 703 3584 Decano
718 3522 845 3599 decem,
870 3520 1141 3586 examinatoribus
1156 3533 1293 3605 quatuor

285 3822 326 3890 ts)
349 3823 413 3876 Cod.
426 3841 475 3875 ms.
497 3822 611 3875 totidem
624 3842 735 3893 grossoe
753 3843 863 3880 nouem.
891 3829 965 3889 Quae
976 3845 1034 3881 curn
1046 3833 1135 3897 operte
1146 3828 1291 3899 ἄορναιιαέα

213 3907 269 3962 sind
281 3909 320 3961 ito
332 3907 496 3962 scribendam
508 3926 561 3961 ease
573 3909 646 3973 duxi,
655 3915 852 3983 proutsaetam
866 3919 911 3966 eat.
937 3915 1075 3966 Summam
1093 3919 1179 3966 aretem
1197 3933 1291 3968 nouem

214 4012 354 4048 aureorum
366 4001 424 4058 eto,
445 4011 502 4046 eam
508 3994 606 4062 satirae,
620 4015 699 4065 quarn
712 3998 765 4051 iar.
779 3998 852 4052 eiad.
868 3999 925 4052 Lr'c.
941 3998 1042 4053 soluere
1052 3997 1167 4062 dodedot,
1182 4017 1214 4054 ea·
1225 4001 1291 4071 apris

212 4078 299 4132 ooetm'
308 4079 420 4149 capitali
429 4079 514 4133 serto
520 4081 614 4149 paullo
626 4081 738 4151 iosem'us
750 4083 856 4152 seraptis
867 4083 1038 4156 inteltepitar.

287 4165 328 4234 19)
350 4165 415 4218 uod.
429 4184 478 4219 mo.
493 4165 611 4219 tandem.

285 4251 327 4319 20)
349 4251 413 4303 Cod.
426 4269 474 4304 ms.
491 4261 530 4303 ut.
