3172 5212
319 1262 387 1333 nn
415 1263 655 1334 mnnono
683 1218 747 1334 nn
775 1263 979 1339 sennnv
1006 1265 1353 1363 lvnneonsvn

735 1399 930 1471 'sonvn

686 1634 803 1687 mevi·
821 1634 983 1689 anvn.
1064 1654 1070 1662 ·
1146 1700 1151 1707 ‚

384 1890 655 1957 Prudentissimse
695 1892 987 1955 [ureconsultornm
1020 1894 1176 1958 Facultsti
1208 1896 1240 1957 in
1271 1897 1377 1959 Deum

298 2013 467 2078 tutelarem
495 2009 665 2093 deligimus
692 2033 868 2095 pauperum
899 2013 1091 2077 aduocatum
1118 2024 1265 2078 sanctum
1286 2016 1377 2079 ΝΟ-

296 2133 397 2197 ΝΕΜ
410 2129 450 2211 ⁷),
475 2130 617 2194 volentes
641 2142 678 2193 ut
693 2130 762 2194 eius
784 2132 901 2202 festum
921 2145 1088 2217 praesente
1104 2133 1322 2199 Vniuersitate
1344 2136 1377 2197 in

297 2253 375 2315 aede
390 2261 497 2314 nostre
512 2262 622 2313 sancta
636 2262 807 2332 peragatur
822 2251 994 2333 quotannis
1015 2253 1140 2335 egregio
1154 2253 1277 2317 decimo
1291 2275 1377 2319 nono

287 2371 350 2448 ¹,dio
362 2369 483 2433 mensis
499 2368 589 2432 Maii.
622 2369 855 2452 Expendantur
870 2370 902 2432 in
920 2392 988 2434 eam
1004 2371 1260 2456 solempnitatem
1275 2372 1378 2456 grossi

299 2489 415 2573 viginti
431 2489 469 2552 de
485 2488 601 2572 quibus
616 2489 673 2551 fiat
689 2489 770 2555 ¹setis
792 2488 900 2552 altaris
921 2489 1094 2567 ministris,
1118 2491 1278 2574 reliquum
1298 2513 1376 2576 pau-

298 2609 427 2694 peribus
443 2607 663 2672 distribuatur.
700 2607 773 2669 Hoc
794 2607 877 2671 iacto
898 2607 1107 2674 fundamento
1127 2611 1317 2687 statuimus,
1341 2623 1378 2675 ut

300 2731 451 2794 Doctores
467 2726 575 2790 diuini*
584 2736 616 2790 et
631 2724 764 2789 humani
787 2726 882 2804 iuris,
908 2728 963 2811 qui
985 2729 1019 2792 in
1035 2730 1254 2797 Vniuersitste
1268 2745 1378 2797 nostre

296 2848 434 2935 promoti
451 2834 586 2923 fuerint,
605 2844 759 2929 legerint,
776 2857 834 2910 eut
848 2847 1085 2925 habitauerint,
1109 2863 1299 2936 cooptentur
1312 2854 1377 2917 col·

297 2971 382 3056 legio
397 2965 702 3033 iureconsultorum.
742 2942 880 3030 Seruent
899 2967 984 3032 inter
999 2990 1032 3032 se
1047 2991 1121 3033 eum
1136 2971 1297 3048 ordinem,
1314 2994 1377 3056 quo

298 3090 419 3155 fuerint
431 3085 590 3171 cooptati,
608 3106 674 3147 non
690 3085 838 3148 obstante
852 3085 988 3150 alicuius
1002 3090 1236 3173 praerogatiua,
1252 3102 1378 3175 praeter

299 3211 378 3275 iuris
404 3204 552 3271 Caesarei
564 3200 593 3285 ⁸)
630 3214 776 3283 tantum,
813 3225 893 3287 quos
928 3207 1153 3290 postponimus
1186 3209 1292 3279 diuini
1321 3225 1378 3276 aut

298 3329 466 3409 utriusque
494 3321 573 3387 iuris
602 3321 811 3399 Doctoribus,
846 3323 988 3408 exceptis
1016 3326 1112 3391 etiem
1138 3329 1323 3412 Praeposito
1343 3341 1378 3395 st

299 3451 431 3512 Deceno
452 3443 539 3507 sedis
568 3452 695 3505 nostroe
724 3441 869 3505 omnium
890 3443 1100 3523 Sanctorum,
1125 3469 1206 3530 quos
1228 3449 1377 3515 volumus

300 3587 425 3651 semper
437 3583 506 3627 esse
520 3561 651 3645 primos.
683 3561 836 3643 Cooptnti
848 3582 923 3626 vero
938 3563 1081 3648 collegio
1096 3567 1228 3633 solunnt
1241 3569 1377 3635 Vniuer-

298 3686 386 3753 siteti
401 3703 534 3749 aureum
554 3701 673 3754 unum,
699 3679 727 3741 si
750 3680 988 3767 Wittenbergse
1008 3684 1128 3751 fuerint
1147 3690 1303 3770 promoti,
1331 3689 1376 3754 fo-

299 3827 407 3872 renses
430 3800 599 3867 dimidium
627 3798 677 3862 sni
696 3797 831 3882 gradus,
860 3801 920 3865 hoc
946 3814 994 3867 est
1018 3827 1129 3871 eureos
1156 3819 1241 3873 octo.
1281 3809 1376 3878 Quod

344 3996 497 4005 ...ν-..φα

370 4112 395 4181 t)
418 4108 480 4162 eod.
495 4126 542 4161 ins.
563 4106 685 4158 lnoxem.

372 4196 397 4265 8)
419 4194 481 4247 Ood.
497 4211 545 4247 ins.
566 4185 693 4255 Caesarij.
