3172 5212
758 480 776 539 5

663 567 869 575 ...a-.—

228 701 310 771 solos
326 698 513 784 disciplinae
529 700 662 763 Vestrae
679 700 875 783 Professores
897 722 960 762 non
987 710 1050 763 tam
1073 700 1152 764 iuris
1167 712 1200 765 et
1215 701 1305 766 iusti-

228 820 291 885 tiae
306 841 402 902 quam
424 818 601 902 sapientiae
621 819 783 883 consultos
803 820 889 903 apud
911 808 1070 905 principes
1093 820 1128 884 in
1149 820 1306 886 altissimo

227 961 331 1003 rerum
344 938 603 1023 dignitatumque
614 938 743 1023 fastigio
756 938 902 1002 collocari
913 950 1079 1023 propterea
1096 942 1180 1024 quod
1193 964 1305 1026 parum

227 1059 335 1124 valent
350 1081 436 1122 arma
452 1058 545 1134 foris,
563 1057 627 1122 nisi
643 1058 813 1129 consilium
828 1061 1033 1143 praecesserit
1047 1060 1144 1126 domi.
1171 1063 1305 1126 Pectora

226 1189 303 1243 sunt
318 1179 441 1262 potiora
457 1200 572 1254 manu,
597 1177 685 1260 vigor
700 1177 805 1241 omnis
821 1177 855 1241 in
877 1178 940 1243 illis
957 1190 1021 1258 est,
1045 1180 1105 1243 hoc
1120 1181 1206 1263 quod
1219 1182 1305 1266 Aga·

226 1320 396 1374 memnon,
421 1304 566 1361 summus
581 1298 778 1362 Graecorum
791 1298 983 1382 imperator,
1008 1300 1143 1363 audiens
1158 1300 1305 1365 Nestoris

225 1417 435 1501 sapientiam,
460 1416 567 1502 potius
587 1417 697 1481 decem
720 1418 888 1494 Nestoras,
914 1441 1010 1502 quam
1032 1419 1164 1483 totidem
1180 1421 1305 1487 Aiiaces

225 1537 321 1601 armis
337 1547 534 1620 praestantes
550 1536 611 1599 sibi
626 1539 772 1620 optabat,
798 1539 884 1621 quod
904 1560 941 1602 eo
962 1550 1056 1623 pacto
1071 1540 1160 1603 breui
1175 1542 1304 1606 Troiam

225 1679 408 1735 occasuram
424 1656 580 1738 sperabat.
607 1658 774 1720 Praeterea
789 1679 863 1721 curn
880 1658 1070 1742 Philippus,
1089 1660 1303 1735 Macedonum

224 1799 300 1852 rex,
315 1775 463 1851 Athenas
479 1775 669 1852 obsedisset,
689 1777 728 1839 ab
744 1776 996 1843 Atheniensibus
1012 1778 1172 1862 postulat,
1190 1780 1303 1863 quodsi

224 1896 333 1959 decem
349 1895 564 1979 oratoressibi
578 1898 748 1973 darentur,
773 1918 807 1960 se
828 1897 868 1960 ab
891 1895 1056 1961 obsidione
1077 1897 1301 1977 discessurum.

224 2014 431 2080 'sumserunt
453 2014 704 2083 Demosthenem
725 2015 759 2079 in
782 2015 915 2079 consilio
936 2015 1019 2079 hanc
1039 2015 1180 2079 fabulam
1203 2016 1302 2079 Athe·

223 2134 390 2201 niensibus
405 2134 615 2198 confinxisse:
643 2135 729 2218 Lupi
750 2135 893 2198 inierunt
914 2135 1086 2219 aliquando
1108 2157 1182 2199 cum
1197 2146 1302 2219 pasto·

223 2253 310 2319 ribus
326 2253 437 2319 foedus
453 2276 489 2317 ea
505 2255 699 2330 conditione,
717 2264 755 2318 ut
770 2254 831 2316 sibi
843 2276 948 2332 canes,
966 2236 1022 2338 qui
1038 2254 1161 2321 dissidii
1176 2277 1301 2319 causam

223 2373 298 2436 dare
312 2373 521 2450 videbantur,
547 2375 749 2438 traderentur
763 2374 905 2450 obsides;
929 2376 1014 2458 quod
1029 2396 1102 2438 cum
1118 2375 1239 2439 iactum
1254 2397 1302 2438 es·

223 2502 273 2554 set
294 2492 365 2576 lupi
388 2494 535 2576 adempta
556 2494 725 2557 formidine
746 2516 874 2558 ornnem
895 2517 1023 2577 gregem
1045 2517 1112 2557 non-
1130 2496 1225 2558 modo
1244 2516 1302 2578 pro

226 2608 384 2699 satietate,
401 2613 624 2681 verumetiam
638 2636 695 2698 pro
710 2592 843 2679 libidine
858 2615 1055 2678 lacerarunt:
1073 2612 1108 2677 id
1123 2616 1209 2696 quod
1225 2614 1302 2679 Phi·

222 2729 330 2815 lippus
347 2752 472 2814 quoque
488 2733 622 2807 sublatis
638 2733 833 2811 oratoribus,
851 2734 947 2797 idest
963 2732 1179 2816 sapientibus,
1195 2734 1231 2796 in
1246 2756 1301 2818 po·

222 2849 300 2933 pulo
315 2849 508 2947 Atheniensi
522 2851 663 2916 facturus
679 2864 772 2923 esset.
798 2854 893 2921 Quod
909 2852 1075 2916 audientes
1087 2853 1301 2919 Athenienses

220 2968 450 3037 Demosthenis
466 2971 598 3035 consilio
613 2972 855 3055 acquieuerunt,
874 2971 980 3055 sieque
996 2971 1111 3037 ciuitas
1126 2994 1145 3035 a
1160 2970 1301 3056 periculo

219 3089 355 3154 liberata
367 3090 475 3154 estEt
489 3090 523 3153 in
539 3108 676 3168 summa,
693 3104 730 3155 ut
745 3114 818 3156 cum
833 3091 976 3175 sapiente
992 3090 1048 3154 illo
1059 3092 1298 3171 concludamus,
1321 3126 1323 3131 v

219 3209 376 3293 quidquid
397 3210 508 3275 feceris
529 3210 619 3295 prius
643 3212 792 3289 consule,
824 3223 856 3276 et
877 3225 950 3296 post
965 3212 1085 3275 factum
1109 3234 1175 3277 non
1190 3212 1299 3295 poeni·

222 3328 312 3391 tabis.
348 3329 384 3394 Si
405 3329 513 3413 itaque
536 3345 568 3395 et
588 3331 666 3397 iuris
682 3343 714 3395 et
728 3330 870 3396 iustitiae
886 3344 918 3396 et
931 3332 1106 3417 sapientiae
1121 3330 1296 3409 consultos,

221 3457 260 3510 ut
274 3449 484 3527 confidimus,
508 3452 574 3516 Vos
596 3452 837 3537 praestiteritis,
864 3463 896 3516 et
916 3453 974 3519 has
996 3452 1081 3536 leges
1096 3463 1236 3530 nostras,
1261 3466 1299 3516 ut

221 3567 450 3650 praediximus,
464 3570 585 3637 sincere
600 3571 825 3650 custodieritis,
840 3572 978 3637 maxime
992 3572 1084 3639 nobis
1098 3574 1182 3658 grati
1197 3572 1296 3637 eritis.

222 3686 335 3751 Valete
350 3690 557 3772 etplaudite!
