3172 5212
623 1190 953 1274 FORMVLA

242 1343 351 1423 QVA
386 1310 801 1414 WITTENBERGAE
835 1341 1088 1413 VTVNTVR
1114 1341 1168 1412 IN
1197 1339 1315 1410 CON-

360 1477 602 1549 FERENDO
630 1478 822 1551 TITVLO
848 1476 1203 1549 DOCTORATVS.

327 1714 530 1798 Amplissime
546 1714 684 1777 Domine
697 1714 974 1790 Vicerancellarie,
993 1725 1178 1799 praeceptor
1193 1734 1317 1776 summa

242 1832 444 1897 obseruantia
459 1834 606 1909 colende,
631 1846 663 1897 et
678 1833 726 1896 vir
740 1834 929 1909 clarissime,
956 1835 1131 1919 Explorate
1152 1845 1200 1897 est
1221 1832 1318 1896 huius

244 1954 298 2016 .N.
318 1953 463 2016 doctrina
478 1953 511 2016 in
528 1953 686 2029 examine,
703 1964 735 2017 et
750 1953 876 2037 collegii
893 1953 1011 2016 iudicio
1026 1954 1113 2017 visus
1130 1964 1178 2016 est
1193 1954 1233 2016 ad
1248 1974 1318 2035 gra·

241 2074 300 2136 dus
316 2072 503 2156 petitionem
519 2072 748 2137 admittendus.
780 2074 865 2137 Nam
887 2084 919 2135 et
939 2072 972 2135 in
989 2072 1133 2136 doctrina
1148 2073 1232 2135 Iuris
1248 2071 1319 2135 dili·

240 2204 354 2276 genter
372 2205 534 2270 versatur,
564 2206 596 2257 et
616 2192 756 2256 moribus
777 2192 920 2257 honestis
948 2192 1110 2276 praeditus
1141 2204 1199 2255 est.
1240 2193 1318 2255 Ideo

240 2334 317 2394 rogo
333 2324 365 2374 et
379 2311 506 2395 collegii
521 2322 553 2375 et
568 2312 668 2396 ipsius
683 2311 824 2389 nomine,
842 2322 880 2375 ut
894 2311 924 2375 ei
938 2313 1091 2375 concedas
1107 2311 1271 2375 licentiam
1287 2322 1319 2375 et

240 2442 430 2516 potestatem
446 2431 623 2516 aecipiendi
637 2433 772 2516 gradrnn
780 2481 789 2510 ,
813 2444 845 2495 et
865 2443 1089 2495 ornamentum
1104 2432 1269 2495 doctorum
1284 2431 1319 2493 in

241 2562 375 2634 utroque
390 2550 470 2614 iure.

327 2671 395 2754 Ego
409 2671 509 2753 igitur
523 2671 729 2748 authoritate,
747 2694 811 2755 qua
824 2672 942 2755 fungor
957 2682 988 2733 te
1006 2671 1059 2733 .Ν.
1079 2692 1266 2754 promoueo,
1285 2682 1317 2735 et

239 2791 390 2855 renuntio
406 2793 576 2854 Doctorem
591 2790 626 2853 in
641 2802 775 2876 utroque
791 2792 864 2854 Iure
880 2790 914 2853 in
929 2791 1059 2853 nornine
1074 2790 1183 2874 patris,
1199 2801 1230 2854 et
1245 2791 1315 2867 filii,

240 2922 272 2974 et
287 2910 417 2995 spiritus
433 2910 553 2984 sancti,
572 2909 710 2973 attribuo
725 2910 820 2974 etiam
837 2909 1006 2993 priuilegia
1021 2910 1118 2974 huius
1140 2912 1257 2994 gradus
1279 2913 1318 2974 de

240 3029 308 3094 iure
323 3052 482 3095 concessa.
507 3029 655 3093 Concedo
670 3039 707 3092 ut
722 3031 760 3093 de
775 3030 844 3093 iure
860 3033 1061 3114 respondeas,
1079 3051 1142 3114 qua
1157 3034 1191 3093 in
1205 3051 1238 3093 re
1253 3052 1317 3093 me·

240 3149 384 3227 mineris,
409 3160 442 3212 et
463 3149 655 3213 industriam
675 3161 707 3212 et
722 3150 818 3212 fidem
837 3151 1059 3234 praestandam
1080 3171 1166 3227 esse,
1190 3171 1256 3213 non
1279 3171 1319 3214 ex

240 3269 305 3333 tuis
321 3268 524 3353 opinionibus
539 3268 744 3353 pronuncies,
771 3269 825 3332 sed
847 3290 887 3331 ex
909 3269 1019 3353 scripti
1040 3281 1072 3333 et
1094 3270 1220 3334 fundati
1240 3270 1318 3334 iuris

240 3388 418 3452 sententiis.
444 3390 522 3453 Ideo
537 3390 634 3465 enim,
652 3410 693 3452 ne
709 3398 765 3451 aut
779 3386 899 3452 indocti
916 3400 972 3452 aut
987 3389 1063 3452 mali
1079 3393 1315 3474 responderent,

241 3512 407 3592 Augustus
423 3508 547 3587 sanxit,
566 3531 606 3571 ne
622 3506 693 3591 quis
708 3509 929 3591 responderet,
947 3508 1011 3573 nisi
1025 3520 1184 3592 potestate
1198 3512 1238 3574 ab
1255 3512 1318 3573 Irn-

240 3640 384 3712 peratore
399 3641 539 3712 accepta,
557 3628 671 3690 deinde
686 3627 826 3692 attribuo
847 3629 896 3692 ius
918 3629 1087 3693 cathedrae
1109 3629 1205 3693 huius
1221 3629 1317 3693 hone-

241 3746 396 3810 stissimae
411 3747 433 3809 i.
452 3758 490 3810 ut
504 3746 562 3810 tibi
578 3746 672 3811 liceat
687 3747 765 3811 alios
781 3750 909 3825 docere,
927 3761 959 3812 et
974 3770 1118 3813 enarrare
1134 3748 1203 3811 iura
1218 3760 1251 3811 et
1264 3770 1317 3812 ex·

240 3867 369 3949 plicare.
395 3865 513 3950 Aperio
534 3877 566 3929 et
587 3888 728 3951 propono
753 3867 887 3943 librum,
912 3881 948 3932 ut
969 3867 1151 3932 memineris
1172 3890 1237 3932 non
1257 3871 1318 3932 fin·

240 3988 358 4070 gendas
374 4007 441 4049 esse
457 3985 633 4070 opiniones,
647 3985 799 4050 sinerem
812 3988 1016 4064 authoritate,
1032 3990 1086 4052 sed
1097 3988 1148 4054 ius
1164 3990 1318 4075 seriptum

241 4118 273 4170 et
288 4108 394 4169 firmas
409 4106 573 4170 doctorum
589 4105 764 4170 sententias
778 4128 848 4170 esse
867 4109 1061 4190 sequendas,
1085 4130 1180 4191 quam
1196 4112 1317 4175 adrem

240 4247 319 4309 opus
341 4238 389 4289 est
408 4224 534 4289 assidua
550 4224 685 4287 lectione
701 4235 733 4288 et
748 4225 865 4288 studio.
904 4227 1051 4304 haidum,
1070 4228 1125 4311 qui
1141 4231 1318 4295 abundauit
