3172 5212
706 571 779 614 xvll

288 774 334 839 ita
348 795 421 838 cum
437 773 578 837 maxima
593 794 670 856 pace
682 772 788 856 quiete
800 781 832 834 et
843 767 1075 853 tranquillitate
1087 770 1206 853 absque
1219 769 1282 839 alio

290 895 432 958 tumultu
449 894 523 957 data
539 905 588 957 est
598 915 693 977 opera
708 891 820 956 literis.
853 892 1028 954 Doctorem
1042 890 1194 955 Iodocum
1213 912 1281 975 yse·

288 1035 460 1079 nacensem
475 1009 517 1095 ²⁰)
533 1014 693 1077 doctorem
715 1010 932 1075 theodoricum
954 1009 1048 1075 block
1069 1009 1229 1075 medicum
1250 1023 1282 1076 et

288 1134 490 1199 licentiatum
505 1129 548 1214 27)
575 1132 718 1199 Priorem
738 1131 840 1195 sancti
869 1130 1033 1214 augustini
1055 1131 1090 1194 in
1110 1131 1281 1196 consilium

292 1252 512 1318 uniuersitatis
527 1250 690 1335 coaptauit
703 1262 736 1314 et
758 1251 895 1336 denique
918 1250 978 1313 sub
1001 1272 1059 1315 suo
1081 1250 1282 1315 floridissimo

280 1384 447 1438 ⁴rectoratu
462 1382 592 1435 centum
607 1382 641 1434 et
651 1371 819 1435 duodecim
830 1372 995 1435 studentes
1007 1371 1202 1448 intitulauit,
1218 1384 1279 1435 etc.

269 1493 436 1559 Noluerim
465 1492 499 1555 iu
523 1491 692 1555 multisne
721 1490 937 1574 singularibus
964 1484 1283 1555 Scheurli‘nostri

204 1615 239 1677 in
254 1612 450 1698 principem,
468 1609 722 1687 uniuersitatem,
743 1609 928 1675 facultatem
944 1612 1080 1692 ICQ
1101 1609 1221 1674 meritis
1237 1632 1284 1674 re·

205 1732 373 1797 censendis
389 1731 518 1814 longius
534 1731 738 1806 commorari3
757 1730 896 1794 sufficiat
910 1729 1008 1814 igitur
1032 1729 1177 1793 hocloco
1200 1751 1282 1794 com·

206 1873 412 1929 memorasse,
435 1851 568 1932 [OQ
584 1870 649 1925 non
669 1850 776 1914 solum
797 1862 919 1915 statuta
933 1851 973 1914 ab
995 1872 1031 1914 eo
1053 1849 1228 1935 composita
1243 1888 1283 1898 —

206 1972 298 2035 cuius
312 1992 425 2055 operae
441 1971 562 2056 acecpit
577 1970 753 2055 praemium
768 1972 876 2034 decem
900 1992 1068 2034 aureorum
1090 1970 1113 2032 i.
1138 1992 1167 2033 e.
1192 1970 1282 2033 flore·

205 2113 319 2155 norum
336 2091 444 2155 Rhen.
466 2127 501 2139 -
533 2092 590 2154 sed
604 2090 789 2155 facultatem
811 2090 857 2154 ita
878 2089 1056 2154 ordinatam
1077 2103 1110 2154 et
1132 2110 1284 2174 augmen·

206 2222 306 2276 tutam
321 2233 408 2288 esse,
425 2222 462 2275 ut
478 2211 570 2275 initio
585 2211 662 2274 anni
690 2217 764 2277 1511
792 2215 836 2280 Χῖ
856 2211 978 2274 sodales
999 2210 1144 2283 eiusdem
1164 2222 1281 2289 essent,

205 2331 297 2395 cuius
313 2324 407 2395 initio
422 2331 552 2396 aestatis
571 2337 651 2395 1508
664 2341 802 2415 quatuor
817 2329 946 2394 fuerant
959 2325 1013 2412 ²⁸).
1045 2332 1204 2415 Perpetuo
1220 2331 1284 2394 fere

206 2451 318 2516 decani
334 2465 390 2515 aut
411 2450 570 2515 ordinarie
590 2449 683 2514 electi
705 2460 763 2514 ant
784 2449 927 2534 legitime
949 2450 1116 2516 substituti
1138 2472 1284 2515 necnon

207 2571 282 2634 inde
304 2572 343 2635 ab
374 2593 460 2636 anno
484 2576 563 2639 1508
586 2569 760 2641 consiliarii
787 2569 964 2635 electoralis
985 2583 1018 2635 et
1040 2569 1150 2635 iudicii
1166 2571 1285 2635 dueum

208 2689 365 2754 Saxoniae
381 2690 521 2775 supremi
536 2691 652 2767 aulici,
674 2691 759 2775 quod
775 2703 887 2775 quater
901 2712 957 2774 per
972 2713 1093 2755 annum
1111 2689 1238 2774 Lipsiae
1254 2700 1285 2753 et

207 2808 400 2895 Altenburgi
425 2810 620 2885 habebatur,
653 2810 818 2873 assessoris
845 2811 1031 2874 muneribus
1061 2810 1192 2873 functus
1223 2820 1282 2872 est.

207 2936 304 2995 Anno
331 2941 438 2993 autem
464 2934 542 2991 1512
564 2946 673 2995 mensa
698 2928 802 3013 Aprili
823 2929 1066 3014 Norimbergam
1087 2929 1198 3005 rediit,
1230 2928 1285 2991 ubi

207 3051 290 3115 inter
311 3048 514 3114 consulentes
531 3046 642 3111 iudicii
664 3047 777 3122 urbani
792 3064 937 3132 receptus
952 3050 992 3112 ob
1007 3048 1197 3132 legationes,
1212 3069 1285 3112 con-

207 3171 289 3248 silia,
316 3170 409 3234 uitae*
417 3164 606 3252 morumque
620 3167 837 3253 integritatem
853 3167 949 3233 etiarn
965 3171 1003 3232 de
1019 3169 1150 3235 ciuitate
1166 3191 1224 3232 sna
1238 3167 1286 3230 in·

208 3290 339 3373 signiter
351 3289 601 3354 meritasmense
610 3287 706 3351 Iunio
722 3311 750 3351 a.
766 3294 844 3350 1542
857 3288 939 3352 diem
953 3311 1136 3372 supremum
1145 3288 1233 3352 obiit,
1244 3282 1285 3367 ²⁰)

278 3515 318 3578 26)
339 3512 456 3566 lodocus
468 3513 684 3566 TRVDTFETTER
697 3512 726 3564 S.
739 3511 894 3581 theologiae
907 3511 1002 3564 doctor
1015 3509 1204 3564 Erfurdianus.
1246 3522 1249 3535 ·

278 3613 320 3683 21)
339 3614 401 3667 Vid.
425 3616 454 3668 h.
468 3615 495 3667 d.
509 3623 568 3668 not.
585 3619 625 3667 11).

278 3718 321 3788 28)
341 3717 382 3771 Cf.
397 3718 459 3772 libr.
478 3727 564 3772 nostr.
579 3736 628 3771 ms.
643 3718 690 3771 lol.
709 3724 825 3771 13111111
840 3717 886 3771 lol.
903 3716 973 3770 l‘llb.

279 3821 321 3891 tu)
342 3820 452 3873 Praeter
471 3822 606 3874 orationes
628 3820 774 3875 ScHavutt
792 3821 845 3875 iam
865 3820 961 3874 citatas
981 3826 1075 3872 extant
1092 3818 1146 3871 alia'
1164 3818 1284 3872 eiusdem

208 3907 317 3977 scripta.
328 3907 403 3959 Inter
415 3923 484 3975 quos
496 3914 537 3959 est
551 3904 667 3970 „Oratio
681 3907 714 3961 de
726 3907 898 3960 sacerdotum
910 3924 941 3959 ac
948 3923 1037 3959 rerum
1046 3905 1287 3958 ecclesiasticarum

209 3994 397 4063 praestantia“
409 3991 466 4043 siue
480 3991 671 4055 ,‚sacerdotum
682 3988 1061 4062 defensorium“·Vitebergae
1071 4009 1094 4045 a.
1112 3994 1175 4044 1511
1186 3991 1215 4044 in
1225 4009 1286 4062 pro·

209 4079 329 4133 motione
349 4076 498 4131 sacerdotis
511 4076 650 4130 cuiusdam
664 4076 765 4152 habita.
797 4078 939 4146 Leguntnr
951 4077 1017 4129 haec
1029 4077 1130 4141 oratio,
1153 4076 1285 4131 Sfluvnut

210 4165 297 4218 oratio
310 4164 344 4218 de
357 4164 416 4217 uita
428 4171 455 4216 et
468 4162 545 4216 obitu
557 4162 699 4215 reuerendi
712 4162 796 4233 patris
808 4161 923 4217 Antonii
938 4162 1057 4215 Kressen
1071 4163 1094 4215 Ι.
1109 4162 1142 4217 V.
1156 4164 1191 4217 D.
1206 4164 1286 4217 Prae·

210 4251 291 4321 positi
303 4249 540 4319 Norimbcrgensis
559 4249 587 4302 in
607 4248 728 4317 collegio
741 4249 769 4301 S.
784 4248 940 4312 Laurentii,
962 4247 1014 4301 alia
1027 4248 1148 4302 eiusdem
1169 4249 1286 4302 auctoris

1063 4339 1080 4394 2
