3172 5212
754 515 770 575 7

657 601 862 609 ω-

218 733 304 797 idem
325 734 359 796 in
386 732 604 797 llaccalaureis
628 745 661 797 et
676 731 863 796 Licentiatis
880 731 1026 797 volumus
1049 733 1226 810 obseruari,
1252 732 1297 796 lo·

217 851 281 934 eati
297 861 353 915 seu
367 851 548 935 promoueri
563 850 754 915 volentibus¹
780 852 822 915 Et
837 873 905 929 sese
921 851 976 917 tali
992 853 1170 917 iuramento
1185 852 1297 917 astrin-

219 983 314 1054 gant:

222 1250 588 1373 lVSIVRaNDVM
616 1299 806 1379 niatu,
827 1300 918 1379 ovi
953 1296 1299 1373 nsiuavu'rvu

489 1492 491 1503 =
572 1454 644 1524 ns
674 1453 929 1525 sumansu.

584 1689 702 1743 cAPv'r
722 1688 932 1742 SECVNDVM.

305 1947 373 2031 Ego
390 1949 432 2011 N.
452 1949 521 2011 ium
537 1970 593 2032 pro
611 1947 695 2011 virili
711 1968 781 2010 mea
797 1947 935 2010 fideliter
949 1943 977 2029 ⁹)
998 1947 1162 2010 consulere
1185 1947 1295 2011 honori

220 2079 252 2130 et
272 2066 406 2132 utilitati
427 2082 548 2131 vestrae
570 2066 723 2131 iuridicae
745 2066 926 2142 facultatis,
959 2079 1079 2129 secreta
1102 2066 1235 2130 consilia
1258 2069 1298 2129 ad

193 2208 196 2217 “
219 2187 376 2251 dictamen
393 2187 515 2252 domini
534 2185 655 2251 Decani
676 2208 741 2251 non
765 2185 926 2263 reuolue,
951 2188 1006 2250 sed
1028 2185 1077 2249 illi
1099 2186 1133 2249 in
1155 2185 1299 2250 honestis

218 2328 328 2390 parere
356 2318 389 2370 et
414 2318 536 2371 statuta
563 2306 733 2391 diligenter
762 2327 889 2369 seruare
918 2306 1159 2390 custoditeque,
1189 2320 1226 2369 ut
1248 2327 1299 2368 me

221 2427 308 2489 Deus
324 2425 456 2491 adiuuet
471 2439 503 2490 et
518 2440 700 2490 sanctorum
717 2425 969 2509 Euangeliorum
984 2426 1173 2490 conditores.
1300 2422 1302 2427 ’

445 2754 523 2829 un.
539 2695 833 2827 noscimus
861 2755 1070 2827 uncam.

481 3044 484 3051 t
599 2988 718 3045 capvt*
737 2988 920 3045 TERTIVM.

257 3278 264 3289 ·
306 3249 344 3309 ln
357 3247 413 3311 die
430 3246 574 3330 Philippi
595 3260 627 3310 et
649 3246 757 3310 Iacobi
778 3268 837 3310 nec
857 3268 921 3313 non
944 3248 1047 3312 sancti
1063 3251 1170 3313 Lucae
1185 3271 1298 3313 vocan-

225 3378 280 3428 tur
304 3368 457 3431 Doctores
483 3338 539 3450 per
567 3366 752 3431 schedulam
768 3364 807 3446 ¹⁰)
837 3367 961 3451 antiqui
984 3365 1108 3435 Decani
1132 3381 1167 3434 ot
1187 3370 1299 3434 statim

223 3485 386 3569 publicato
403 3488 558 3563 Rectore,
588 3486 738 3550 inuncata
759 3486 822 3550 Dei
843 3487 965 3570 gratia,
990 3487 1128 3572 eligatur
1150 3491 1300 3553 Danaum

222 3604 398 3668 secundom
412 3607 557 3670 ordinem
571 3606 634 3670 iam
651 3609 837 3671 denotatum
855 3605 911 3689 ¹¹),
937 3607 1063 3672 etiamsi
1077 3610 1173 3674 fuerit
1186 3612 1300 3675 abeam

222 3723 312 3789 breui
321 3742 522 3803 neuersurus,
539 3712 722 3812 inclinando
734 3746 753 3791 a
767 3727 954 3811 Praeposito
966 3727 1141 3794 et-Decano
1156 3732 1299 3795 omnium

226 3916 427 3925 -.-,----.

290 4050 317 4119 9)
340 4049 405 4103 uod.
418 4068 466 4104 ms.
481 4049 650 4104 fidelitatem.

293 4135 335 4206 ld)
358 4134 423 4189 dod.
436 4154 485 4190 ms.
506 4135 637 4189 sedulam.

294 4222 334 4292 tl)
357 4221 420 4275 uod.
435 4240 483 4276 ms.
499 4222 665 4277 denotatum.
