3172 5212
827 514 847 576 8

296 741 507 814 Sanctorum,
536 739 584 801 ita
603 749 728 814 tamen,
758 738 844 820 quod
867 735 978 799 nullus
1006 735 1164 819 eligatur,
1194 733 1260 796 nisi
1281 733 1377 796 fucrit

295 881 416 924 annum
430 859 466 921 in
481 857 660 935 Facultate,
681 859 738 922 sed
752 870 831 928 tuuc,
844 865 1073 940 praetereatur,
1091 855 1196 917 donec
1210 855 1288 917 ordo
1302 875 1376 915 eum

295 979 412 1042 iterum
434 979 594 1062 tetigerit,
625 977 768 1061 exceptis
796 975 983 1059 Praeposito
1009 985 1043 1038 et
1071 975 1203 1037 Decano
1231 973 1377 1045 omnium

295 1099 487 1163 Sanctorum
508 1120 588 1181 quoa
609 1098 717 1162 subito
742 1097 891 1160 volumus
919 1117 988 1158 esse
1015 1093 1185 1177 eligibilea.
1224 1094 1376 1156 Decanus

294 1220 415 1282 electus
425 1240 525 1281 manu
540 1218 695 1301 stipulata
704 1215 870 1300 promittat
880 1214 1125 1298 praedecessori,
1139 1214 1224 1296 quod
1235 1213 1376 1277 officinm

295 1360 392 1402 suum
405 1338 543 1401 fideliter
557 1337 717 1400 exercebit
731 1349 763 1399 et
778 1337 847 1398 eius
859 1337 993 1397 obtentu
1006 1336 1042 1398 in
1054 1333 1285 1420 praeiudicium
1296 1333 1375 1396 vni-

295 1457 458 1521 nersitatis
472 1457 528 1519 nel
543 1456 718 1520 Facultatis
732 1455 782 1519 nil
799 1456 960 1519 molietur.
990 1456 1086 1522 Quod
1107 1455 1135 1516 si
1150 1455 1246 1518 fuerit
1260 1456 1376 1516 absens

295 1577 350 1639 uel
364 1576 539 1661 impeditus
560 1576 596 1639 in
616 1576 766 1640 omnibus
787 1573 1053 1638 concernentibus
1067 1573 1209 1637 officium
1223 1596 1319 1637 suum
1333 1573 1376 1636 sit

294 1696 489 1761 substitutus
504 1719 563 1760 seu
577 1696 743 1781 delegatus
755 1697 906 1759 Deeanus
920 1695 1125 1778 praecedens,
1143 1715 1208 1777 quo
1221 1693 1376 1776 impedito

294 1817 412 1881 iterum
426 1816 630 1900 praecedens.

355 2232 425 2303 DE
450 2230 630 2303 FORMA
655 2228 979 2302 PORRIGENDI
1007 2227 1308 2299 SVFFRAGIA.

615 2452 622 2473 ἱ
665 2499 785 2553 GAPVT
803 2498 997 2558 QVARTvn.

379 2760 538 2828 Quotiens
557 2769 666 2821 antem
688 2758 766 2841 quid
787 2759 988 2825 nocendum
1010 2758 1117 2832 venit,
1146 2757 1297 2820 Decanus
1318 2779 1375 2841 per
1411 2754 1416 2763 '

292 2878 480 2945 schedulam
494 2898 570 2941 cum
591 2877 766 2941 insertione
788 2899 904 2940 causae
924 2889 1080 2940 conuocet
1097 2878 1250 2939 Doctores
1262 2898 1374 2941 omnes

292 3001 334 3064 ad
349 3000 481 3063 domum
496 3019 588 3061 suam
602 2998 654 3060 vel
668 2997 768 3060 alium
783 2997 889 3060 locum
904 3019 1081 3080 congruum
1105 2996 1166 3058 sub
1185 3016 1289 3078 poena
1303 3016 1374 3078 per·

292 3120 368 3184 inrii
382 3118 434 3182 vel
448 3117 588 3181 mulctae
602 3128 727 3194 certae,
744 3138 803 3201 pro
817 3116 894 3180 facti
909 3116 1031 3181 scilicet
1046 3113 1212 3198 qualitate.
1237 3114 1280 3176 Et
1295 3125 1374 3177 tuno

292 3237 451 3314 absentis,
475 3237 538 3300 nisi
553 3237 634 3300 forte
654 3258 752 3300 causa
772 3236 934 3319 Principis
955 3247 1014 3299 aut
1034 3231 1262 3317 Reipublicae,
1282 3232 1374 3295 nullo

291 3357 374 3421 ratio
389 3355 555 3421 habeatur.
587 3356 715 3420 Coactis
735 3355 880 3439 patribus
901 3368 991 3437 roget
1012 3338 1189 3416 sententias
1202 3350 1374 3435 diligenter

292 3476 477 3560 incipiendo
490 3498 616 3560 semper
630 3498 650 3538 a
664 3473 799 3539 seniore.
831 3476 906 3558 Ipse
928 3495 1002 3536 vero
1022 3473 1138 3536 habeat
1159 3473 1224 3535 duo
1247 3480 1323 3535 vota
1340 3482 1374 3533 et

292 3619 333 3661 ex
346 3607 493 3667 votorum
508 3595 693 3679 pluralitate
704 3594 887 3670 concludat,
903 3592 965 3657 hoc
975 3594 1155 3668 obseruato,
1168 3591 1252 3674 quod
1264 3589 1373 3654 omnia

293 3718 419 3781 decreta
433 3716 503 3800 ipso
517 3715 602 3779 facto
616 3714 709 3778 nulla
722 3713 805 3791 sint,
831 3734 913 3796 quae
933 3734 999 3777 non
1021 3723 1099 3777 sunt
1112 3711 1210 3776 trium
1223 3723 1281 3777 aut
1295 3731 1371 3794 qua·

293 3847 366 3901 tuor
380 3835 540 3919 suffragiis
553 3835 709 3898 roborata.
