3172 5212
286 1591 431 1704 lluenir,
446 1639 483 1691 ut
494 1646 567 1690 cum
579 1640 792 1711 perscrutarer
804 1629 996 1691 tabularium
1009 1627 1128 1692 ordinis
1144 1628 1279 1709 IOQ

202 1746 407 1824 Halensium,
426 1747 597 1811 inciderem
608 1745 642 1809 iu
654 1747 795 1810 codicem
806 1746 1021 1824 chartaceum,
1040 1748 1074 1811 in
1089 1746 1165 1811 folio
1180 1770 1279 1811 manu

202 1866 367 1951 scriptum,
385 1867 476 1931 cuius
492 1866 528 1929 in
542 1866 647 1931 fronte
661 1866 807 1953 legebam
823 1867 952 1931 titulum
969 1867 1073 1930 hunc:

286 1986 1278 2074 EXEMPLVMlSTATVTORVMlACTORVMQVElNl

287 2107 572 2192 SIGNIORVMl
598 2106 842 2172 FACVLTAT.
869 2107 1059 2171 IVRIDIO.
1082 2108 1086 2191 Ι
1107 2107 1157 2170 ΙΝ
1179 2108 1280 2171 Ach-

287 2230 398 2294 DEM.
420 2226 701 2290 WlTTEBERG.
724 2228 729 2310 Ι
749 2227 967 2290 ΒΟΝΑΝΤΕ
989 2226 1164 2291 LIBRVM
1183 2226 1282 2311 (Viro

286 2344 440 2431 Ampliss.
466 2345 613 2411 Consult.
646 2356 678 2410 et
699 2345 830 2410 Clarias.
858 2345 862 2434 l
890 2347 955 2409 llo.
983 2347 1024 2409 D.
1050 2345 1281 2430 christophoro

287 2464 424 2532 Waokio
454 2466 717 2553 Nunlburgense,
749 2467 788 2530 P.
820 2467 859 2529 P.
888 2466 1004 2530 Curiae
1027 2466 1198 2530 Electoral.
1227 2468 1279 2550 etl

288 2585 478 2650 Scabinatus
505 2587 677 2650 Adsessore
705 2597 765 2649 etc.
795 2586 800 2666 l
825 2586 1038 2650 CVRANTE
1076 2584 1280 2668 DECANOl

288 2704 333 2768 D.
352 2704 487 2768 Ieremia
506 2706 673 2769 Reusnero
694 2704 822 2769 Leorin.
849 2705 908 2770 sil.
931 2713 935 2785 Ι
955 2705 1116 2770 Decretal.
1142 2706 1279 2770 Profess.

288 2822 383 2888 Publ.
401 2823 527 2900 Facult.
546 2823 648 2887 Iurid.
667 2824 824 2916 Orldinar.
843 2825 919 2888 Cur.
939 2825 1041 2888 Elect.
1064 2824 1204 2889 Consist.
1223 2825 1282 2887 Ec·

289 2943 364 3009 oles.
388 2954 421 3008 et
437 2942 635 3013 Scalbinatus
651 2945 834 3006 Adsessore.
858 2950 862 3025 Ι
882 2946 921 3006 Α.
942 2945 982 3007 0.
1001 2944 1043 3007 R.
1062 2947 1269 3014 muchuvlss

204 3067 324 3129 Verum
345 3064 490 3148 inspecto
511 3062 689 3127 accuratius
711 3063 792 3126 libro
813 3063 984 3146 apparebat
1007 3085 1071 3125 non
1095 3062 1199 3126 solum
1221 3073 1284 3126 sta·

205 3196 273 3250 tuta
294 3195 427 3268 actaque
449 3182 484 3246 in
507 3182 602 3246 titulo
621 3183 742 3267 posita,
771 3183 944 3245 sedetiam
966 3183 1110 3246 diuersae
1134 3181 1285 3245 materiae

92 3386 95 3391 1
204 3306 362 3387 quaedam
376 3302 483 3388 capita
498 3301 673 3379 contineri,
687 3302 875 3399 spectantia
895 3324 931 3365 ea
956 3301 1085 3386 quidem
1108 3314 1140 3366 et
1160 3302 1230 3385 ipsa
1245 3303 1284 3365 ad

205 3444 255 3486 res
269 3423 431 3487 facultatis
447 3422 601 3486 iuridicae
615 3420 866 3506 Vitebergensis.
907 3423 948 3485 Et
964 3445 1005 3485 ne
1020 3423 1153 3507 longum
1169 3444 1283 3498 morer,

206 3560 413 3625 quaecunque
428 3541 509 3606 libro
523 3543 636 3606 insunt
650 3541 683 3604 in
701 3541 805 3604 medio
821 3562 935 3625 ponam
950 3572 958 3604 .·

297 3667 326 3721 1⁰
348 3658 491 3724 »Statura
506 3661 639 3746 antiqua
655 3660 810 3725 Electoris
827 3661 992 3726 Fridericic
1007 3685 1036 3725 a.
1058 3671 1136 3727 1508
1154 3663 1223 3745 (fol.
1239 3671 1287 3726 11³

356 3817 399 3826 —
413 3779 469 3842 fol.
489 3787 566 3861 24¹).

293 3884 336 3959 2⁰}
363 3897 475 3961 Breuis
497 3899 636 3963 narratio
659 3902 697 3964 de
718 3904 959 3967 confirmatione
984 3917 1016 3967 et
1039 3904 1167 3969 statutis
1191 3904 1289 3967 studii

354 4002 593 4102 Vitebergensis
610 4020 679 4101 (fol.
699 4018 752 4082 Μὴ
768 4027 843 4104 sq.).
865 4019 892 4102 ¹)

285 4239 309 4308 1)
327 4238 395 4294 Vid.
415 4238 498 4293 huius
510 4238 708 4294 dissertationis
726 4255 753 4310 p.
771 4244 849 4301 ‘an'rss
