3172 5212
748 506 768 567 9

658 593 862 600 *—

482 831 551 903 DE
577 830 783 917 OFFICIO
816 827 1025 903 DECANI.

591 1066 713 1120 GAPVT
732 1064 917 1126 QVINTVM.

301 1322 427 1387 Deeani
440 1344 560 1389 munus
575 1323 734 1408 imprimis
748 1336 833 1399 esto,
858 1323 997 1409 recipere
1011 1323 1157 1406 signum,
1174 1322 1293 1400 claues,

216 1451 355 1520 statuta,
385 1443 595 1508 rationarium
617 1443 878 1509 scholasticorum
905 1442 1059 1507 iuridicae
1080 1443 1256 1507 Facultatis
1278 1465 1297 1507 a

216 1563 456 1648 praedecessore
469 1574 638 1648 praesente
654 1564 829 1629 Facultate.
870 1564 1019 1631 Deonnns
1039 1584 1115 1627 mox
1129 1573 1202 1646 post
1216 1562 1297 1626 elec·

217 1681 336 1749 tionem
351 1694 507 1771 conuocet
526 1681 682 1751 Doctores
705 1696 738 1747 et
758 1683 964 1751 scholasticos
985 1704 1059 1746 suos
1073 1692 1106 1746 et
1120 1684 1166 1747 eis
1181 1682 1298 1766 praele-

216 1812 273 1886 gat
287 1812 410 1866 statuta
424 1801 614 1867 Facultatr's.
654 1803 804 1875 Decauus
826 1825 884 1886 pro
907 1814 1048 1887 ternpore
1069 1801 1113 1866 sit
1126 1811 1224 1885 caput
1237 1801 1298 1863 Fa·

217 1920 365 1998 saltatis,
387 1920 480 1985 cuius
502 1934 623 1986 statum
638 1922 755 2007 dirigat
769 1922 839 2007 ipse
853 1922 958 2011 solus3
983 1921 1038 1987 alii
1060 1933 1136 1984 sunt
1156 1920 1299 1984 membra

218 2052 356 2105 tantum.
380 2041 455 2125 Ipse
470 2041 619 2106 Decanua
634 2052 707 2126 post
723 2041 944 2126 Praepositum
959 2054 992 2106 et
1006 2042 1150 2106 omnium
1166 2040 1298 2104 Sancto·

216 2183 288 2225 rum
304 2161 472 2224 Decanum
488 2159 668 2245 sitprimus
683 2161 803 2247 ubique
818 2159 936 2225 tamin
952 2162 1103 2237 sedendo,
1120 2180 1216 2245 quam
1232 2180 1298 2223 am·

216 2280 368 2358 bulando,
383 2301 440 2344 seu
451 2281 631 2358 scribendo,
644 2304 702 2346 seu
714 2281 941 2347 subscribendo
957 2291 1023 2345 tam
1034 2280 1182 2365 publicis,
1201 2299 1298 2362 quam

216 2399 352 2482 priuatis
367 2399 503 2465 ostibus.
543 2401 695 2467 Publicae
715 2414 823 2465 autem
845 2400 1094 2485 subscriptiones
1117 2399 1168 2462 vel
1188 2399 1299 2463 literae

218 2519 268 2582 vel
282 2519 458 2584 sententiae
480 2521 656 2586 Facultatis
670 2523 752 2586 fiant
766 2520 896 2585 nomine
912 2521 1036 2584 Decani
1050 2530 1177 2583 tantum
1192 2530 1225 2581 et
1240 2518 1298 2579 Fa·

218 2637 358 2702 cultatis.
405 2639 448 2702 Et
482 2660 606 2724 semper
635 2642 798 2705 dictentur
833 2641 1137 2725 conscribanturque
1166 2661 1222 2723 per
1251 2637 1299 2700 iu·

217 2757 352 2833 uiorem,
368 2778 425 2841 per
439 2757 578 2841 reliquos
593 2760 762 2843 diligenter
777 2760 1001 2837 emendentur,
1017 2761 1064 2823 ita
1080 2772 1197 2834 tamen,
1215 2757 1300 2840 quod

216 2876 250 2940 in
266 2877 428 2941 sententia
441 2877 572 2942 ferenda
585 2878 629 2942 sit
642 2881 776 2956 absens,
801 2879 858 2962 qui
876 2879 956 2943 forte
972 2878 1223 2961 alicuipartinm
1237 2875 1301 2939 fuit

217 2995 406 3081 patrocinio.
440 2996 596 3062 Similiter
612 3011 644 3062 et
658 2998 769 3062 literae
787 2999 932 3082 priuatae
947 2997 1187 3062 subscribantur
1201 3019 1220 3061 a
1235 2995 1299 3059 sin·

216 3116 303 3200 gulis
318 3128 351 3181 et
366 3090 496 3181 tandem
511 3118 633 3182 annulo
648 3117 781 3183 senioris
796 3118 1036 3202 consignentur.
1053 3118 1214 3187 ¹Decunus
1228 3137 1299 3199 pro·

217 3237 386 3301 mouendis
401 3237 434 3300 in
450 3259 643 3321 quocunque
665 3237 734 3301 iure
749 3238 836 3301 solus
851 3238 993 3321 assignet
1009 3239 1121 3302 titulos
1135 3237 1298 3322 legendos,

218 3369 355 3439 punctos
378 3368 444 3421 tam
463 3354 499 3420 in
521 3358 698 3425 tentamine
718 3380 816 3441 quam
842 3357 876 3421 in
906 3358 1064 3421 examine.
1104 3359 1178 3442 Ipse
1203 3356 1300 3421 faciat

219 3477 508 3558 praesentationem
520 3476 800 3542 Vicecancellario.
826 3478 874 3542 Eo
885 3477 1040 3562 impedito
1050 3480 1200 3542 succedat
1210 3498 1300 3561 prae-

219 3594 336 3661 cedens
357 3596 523 3674 Decanus‚
554 3610 592 3662 ut
620 3598 742 3662 dictum
764 3608 832 3674 est,
862 3597 1069 3683 exprimendo
1097 3620 1137 3662 se.
1152 3596 1301 3681 supplere

219 3714 325 3778 locum
341 3715 481 3793 Decani,
497 3717 589 3781 cuius
604 3717 664 3782 hoc
678 3717 822 3782 interest.
847 3718 996 3783 Decanus
1011 3717 1108 3781 etiam
1122 3714 1301 3781 conscribat

219 3834 396 3899 sententias
407 3835 581 3900 Facultatis
596 3847 629 3900 et
642 3836 808 3900 literarum
821 3837 947 3920 copiam
959 3836 1107 3901 retineat.
1132 3836 1302 3899 Praeterea

220 3954 255 4017 in
270 3954 480 4018 rationarium
502 3955 682 4020 Facultatis
703 3968 832 4040 cooptet
852 3966 1012 4039 promotos
1034 3978 1090 4020 seu
1113 3967 1255 4040 receptos
1269 3969 1301 4021 et

221 4088 380 4159 quantum
406 4074 543 4159 quisque
571 4075 711 4153 dederit,
736 4075 904 4139 adiicendo
925 4075 1012 4139 diem
1031 4088 1064 4139 et
1085 4098 1207 4142 annum
1229 4076 1300 4140 dili·

219 4206 342 4278 genter.
382 4195 605 4263 Promotiones
624 4206 734 4259 autem
753 4195 881 4259 intimet
901 4196 1046 4293 publice,
1070 4195 1302 4282 speciuocando
