<?xml version="1.0" encoding="UTF-8"?>
<!DOCTYPE html PUBLIC "-//W3C//DTD XHTML 1.0 Transitional//EN"
    "http://www.w3.org/TR/xhtml1/DTD/xhtml1-transitional.dtd">
<html xmlns="http://www.w3.org/1999/xhtml" xml:lang="en" lang="en">
 <head>
  <title>
</title>
<meta http-equiv="Content-Type" content="text/html;charset=utf-8" />
  <meta name='ocr-system' content='tesseract 3.04.00' />
  <meta name='ocr-capabilities' content='ocr_page ocr_carea ocr_par ocr_line ocrx_word'/>
</head>
<body>
  <div class='ocr_page' id='page_1' title='image "./statutafacultat00wittgoog_0036.png"; bbox 0 0 3172 5212; ppageno 0'>
   <div class='ocr_carea' id='block_1_1' title="bbox 754 521 790 581">
    <p class='ocr_par' dir='ltr' id='par_1_1' title="bbox 754 521 790 581">
     <span class='ocr_line' id='line_1_1' title="bbox 754 521 790 581; baseline 0 0"><span class='ocrx_word' id='word_1_1' title='bbox 754 521 790 581; x_wconf 85' lang='lat'>13</span> 
     </span>
    </p>
   </div>
   <div class='ocr_carea' id='block_1_2' title="bbox 220 735 1376 3337">
    <p class='ocr_par' dir='ltr' id='par_1_2' title="bbox 220 735 1376 3337">
     <span class='ocr_line' id='line_1_2' title="bbox 230 735 1308 824; baseline -0.007 -17"><span class='ocrx_word' id='word_1_2' title='bbox 230 741 362 807; x_wconf 86' lang='lat' dir='ltr'>ecclesia</span> <span class='ocrx_word' id='word_1_3' title='bbox 376 740 545 824; x_wconf 71' lang='lat' dir='ltr'>collegiata</span> <span class='ocrx_word' id='word_1_4' title='bbox 561 738 711 824; x_wconf 81' lang='lat' dir='ltr'>disponat</span> <span class='ocrx_word' id='word_1_5' title='bbox 725 739 855 805; x_wconf 88' lang='lat' dir='ltr'>missam</span> <span class='ocrx_word' id='word_1_6' title='bbox 877 736 1029 803; x_wconf 88' lang='lat' dir='ltr'>celebrari</span> <span class='ocrx_word' id='word_1_7' title='bbox 1052 738 1093 801; x_wconf 93' lang='lat' dir='ltr'>de</span> <span class='ocrx_word' id='word_1_8' title='bbox 1114 746 1224 801; x_wconf 87' lang='lat' dir='ltr'>saneto</span> <span class='ocrx_word' id='word_1_9' title='bbox 1245 735 1308 821; x_wconf 91' lang='lat' dir='ltr'>spi-</span> 
     </span>
     <span class='ocr_line' id='line_1_3' title="bbox 228 855 1310 944; baseline -0.009 -16"><span class='ocrx_word' id='word_1_10' title='bbox 228 863 293 928; x_wconf 89' lang='lat' dir='ltr'>ritu</span> <span class='ocrx_word' id='word_1_11' title='bbox 310 862 359 926; x_wconf 90' lang='lat' dir='ltr'>vel</span> <span class='ocrx_word' id='word_1_12' title='bbox 374 863 467 926; x_wconf 88' lang='lat' dir='ltr'>beata</span> <span class='ocrx_word' id='word_1_13' title='bbox 482 859 605 944; x_wconf 87' lang='lat' dir='ltr'>virgine</span> <span class='ocrx_word' id='word_1_14' title='bbox 626 883 699 925; x_wconf 90' lang='lat' dir='ltr'>curn</span> <span class='ocrx_word' id='word_1_15' title='bbox 718 859 853 925; x_wconf 87' lang='lat' dir='ltr'>collecta</span> <span class='ocrx_word' id='word_1_16' title='bbox 867 857 972 923; x_wconf 90' lang='lat' dir='ltr'>diuini</span> <span class='ocrx_word' id='word_1_17' title='bbox 987 857 1142 924; x_wconf 85' lang='lat' dir='ltr'>IVONIS</span> <span class='ocrx_word' id='word_1_18' title='bbox 1159 868 1192 921; x_wconf 87' lang='lat' dir='ltr'>et</span> <span class='ocrx_word' id='word_1_19' title='bbox 1205 855 1310 922; x_wconf 91' lang='lat' dir='ltr'>sancti</span> 
     </span>
     <span class='ocr_line' id='line_1_4' title="bbox 228 977 1308 1066; baseline -0.007 -19"><span class='ocrx_word' id='word_1_20' title='bbox 228 982 444 1058; x_wconf 82' lang='lat' dir='ltr'>AVGVSTI,</span> <span class='ocrx_word' id='word_1_21' title='bbox 468 980 509 1044; x_wconf 86' lang='lat' dir='ltr'>ad</span> <span class='ocrx_word' id='word_1_22' title='bbox 531 1002 628 1063; x_wconf 87' lang='lat' dir='ltr'>quam</span> <span class='ocrx_word' id='word_1_23' title='bbox 642 1002 700 1066; x_wconf 88' lang='lat' dir='ltr'>per</span> <span class='ocrx_word' id='word_1_24' title='bbox 714 979 901 1044; x_wconf 80' lang='lat' dir='ltr'>schedulam</span> <span class='ocrx_word' id='word_1_25' title='bbox 917 977 1040 1043; x_wconf 88' lang='lat' dir='ltr'>Decani</span> <span class='ocrx_word' id='word_1_26' title='bbox 1055 989 1210 1041; x_wconf 89' lang='lat' dir='ltr'>vocantur</span> <span class='ocrx_word' id='word_1_27' title='bbox 1225 977 1308 1040; x_wconf 87' lang='lat' dir='ltr'>Doc-</span> 
     </span>
     <span class='ocr_line' id='line_1_5' title="bbox 229 1095 1307 1184; baseline -0.007 -18"><span class='ocrx_word' id='word_1_28' title='bbox 229 1113 312 1166; x_wconf 87' lang='lat' dir='ltr'><strong>tores</strong></span> <span class='ocrx_word' id='word_1_29' title='bbox 327 1102 387 1165; x_wconf 88' lang='lat' dir='ltr'>sub</span> <span class='ocrx_word' id='word_1_30' title='bbox 402 1121 505 1184; x_wconf 88' lang='lat' dir='ltr'>poena</span> <span class='ocrx_word' id='word_1_31' title='bbox 520 1099 660 1183; x_wconf 92' lang='lat' dir='ltr'>quinque</span> <span class='ocrx_word' id='word_1_32' title='bbox 675 1106 866 1184; x_wconf 82' lang='lat' dir='ltr'>grossorum.</span> <span class='ocrx_word' id='word_1_33' title='bbox 907 1099 981 1167; x_wconf 88' lang='lat' dir='ltr'>Qua</span> <span class='ocrx_word' id='word_1_34' title='bbox 999 1095 1092 1160; x_wconf 87' lang='lat' dir='ltr'>finita</span> <span class='ocrx_word' id='word_1_35' title='bbox 1113 1117 1307 1181; x_wconf 83' lang='lat' dir='ltr'>congregen-</span> 
     </span>
     <span class='ocr_line' id='line_1_6' title="bbox 228 1215 1309 1301; baseline -0.005 -17"><span class='ocrx_word' id='word_1_36' title='bbox 228 1234 282 1285; x_wconf 92' lang='lat' dir='ltr'>tur</span> <span class='ocrx_word' id='word_1_37' title='bbox 295 1220 330 1284; x_wconf 92' lang='lat' dir='ltr'>in</span> <span class='ocrx_word' id='word_1_38' title='bbox 346 1219 489 1283; x_wconf 82' lang='lat' dir='ltr'>sacristia</span> <span class='ocrx_word' id='word_1_39' title='bbox 504 1232 537 1283; x_wconf 88' lang='lat' dir='ltr'>et</span> <span class='ocrx_word' id='word_1_40' title='bbox 548 1221 698 1284; x_wconf 90' lang='lat' dir='ltr'>Decanus</span> <span class='ocrx_word' id='word_1_41' title='bbox 712 1218 843 1283; x_wconf 91' lang='lat' dir='ltr'>nomine</span> <span class='ocrx_word' id='word_1_42' title='bbox 854 1215 1309 1301; x_wconf 77' lang='lat' dir='ltr'>Facultatisassignetpuncta</span> 
     </span>
     <span class='ocr_line' id='line_1_7' title="bbox 227 1334 1307 1424; baseline -0.005 -21"><span class='ocrx_word' id='word_1_43' title='bbox 227 1341 291 1403; x_wconf 90' lang='lat' dir='ltr'>duo</span> <span class='ocrx_word' id='word_1_44' title='bbox 306 1340 524 1424; x_wconf 88' lang='lat' dir='ltr'>promouendo</span> <span class='ocrx_word' id='word_1_45' title='bbox 538 1339 572 1403; x_wconf 91' lang='lat' dir='ltr'>in</span> <span class='ocrx_word' id='word_1_46' title='bbox 590 1339 836 1403; x_wconf 87' lang='lat' dir='ltr'>Baccalaureum</span> <span class='ocrx_word' id='word_1_47' title='bbox 852 1338 887 1401; x_wconf 92' lang='lat' dir='ltr'>in</span> <span class='ocrx_word' id='word_1_48' title='bbox 908 1359 944 1401; x_wconf 92' lang='lat' dir='ltr'>eo</span> <span class='ocrx_word' id='word_1_49' title='bbox 966 1336 1054 1412; x_wconf 87' lang='lat' dir='ltr'>iure,</span> <span class='ocrx_word' id='word_1_50' title='bbox 1076 1335 1112 1400; x_wconf 93' lang='lat' dir='ltr'>in</span> <span class='ocrx_word' id='word_1_51' title='bbox 1132 1359 1196 1419; x_wconf 88' lang='lat' dir='ltr'>quo</span> <span class='ocrx_word' id='word_1_52' title='bbox 1217 1334 1307 1420; x_wconf 88' lang='lat' dir='ltr'>cupit</span> 
     </span>
     <span class='ocr_line' id='line_1_8' title="bbox 225 1455 1304 1542; baseline -0.005 -19"><span class='ocrx_word' id='word_1_53' title='bbox 225 1460 361 1542; x_wconf 59' lang='lat' dir='ltr'>madum</span> <span class='ocrx_word' id='word_1_54' title='bbox 369 1506 379 1535; x_wconf 94' lang='lat'>,</span> <span class='ocrx_word' id='word_1_55' title='bbox 404 1480 505 1522; x_wconf 90' lang='lat' dir='ltr'>unum</span> <span class='ocrx_word' id='word_1_56' title='bbox 520 1457 642 1522; x_wconf 90' lang='lat' dir='ltr'>scilicet</span> <span class='ocrx_word' id='word_1_57' title='bbox 656 1458 691 1521; x_wconf 91' lang='lat' dir='ltr'>in</span> <span class='ocrx_word' id='word_1_58' title='bbox 706 1457 851 1521; x_wconf 83' lang='lat' dir='ltr'>Decretis</span> <span class='ocrx_word' id='word_1_59' title='bbox 867 1457 1004 1520; x_wconf 90' lang='lat' dir='ltr'>alterum</span> <span class='ocrx_word' id='word_1_60' title='bbox 1019 1455 1053 1519; x_wconf 93' lang='lat' dir='ltr'>in</span> <span class='ocrx_word' id='word_1_61' title='bbox 1069 1455 1304 1532; x_wconf 86' lang='lat' dir='ltr'>Decretalibus,</span> 
     </span>
     <span class='ocr_line' id='line_1_9' title="bbox 226 1574 1307 1662; baseline -0.003 -21"><span class='ocrx_word' id='word_1_62' title='bbox 226 1578 276 1641; x_wconf 89' lang='lat' dir='ltr'>vel</span> <span class='ocrx_word' id='word_1_63' title='bbox 291 1577 443 1642; x_wconf 87' lang='lat' dir='ltr'>nnumin</span> <span class='ocrx_word' id='word_1_64' title='bbox 458 1577 620 1662; x_wconf 84' lang='lat' dir='ltr'>Digestis,</span> <span class='ocrx_word' id='word_1_65' title='bbox 644 1578 780 1645; x_wconf 87' lang='lat' dir='ltr'>alterum</span> <span class='ocrx_word' id='word_1_66' title='bbox 801 1576 836 1640; x_wconf 91' lang='lat' dir='ltr'>in</span> <span class='ocrx_word' id='word_1_67' title='bbox 856 1575 988 1652; x_wconf 84' lang='lat' dir='ltr'>Codice,</span> <span class='ocrx_word' id='word_1_68' title='bbox 1013 1575 1041 1639; x_wconf 92' lang='lat' dir='ltr'>si</span> <span class='ocrx_word' id='word_1_69' title='bbox 1061 1575 1097 1639; x_wconf 90' lang='lat' dir='ltr'>in</span> <span class='ocrx_word' id='word_1_70' title='bbox 1111 1586 1247 1660; x_wconf 90' lang='lat' dir='ltr'>utroque</span> <span class='ocrx_word' id='word_1_71' title='bbox 1262 1574 1307 1639; x_wconf 90' lang='lat' dir='ltr'>al·</span> 
     </span>
     <span class='ocr_line' id='line_1_10' title="bbox 226 1695 1304 1774; baseline -0.002 -15"><span class='ocrx_word' id='word_1_72' title='bbox 226 1707 330 1760; x_wconf 90' lang='lat' dir='ltr'>terum</span> <span class='ocrx_word' id='word_1_73' title='bbox 351 1697 384 1761; x_wconf 93' lang='lat' dir='ltr'>in</span> <span class='ocrx_word' id='word_1_74' title='bbox 409 1697 648 1774; x_wconf 87' lang='lat' dir='ltr'>Decretalibus,</span> <span class='ocrx_word' id='word_1_75' title='bbox 673 1696 706 1761; x_wconf 93' lang='lat' dir='ltr'>in</span> <span class='ocrx_word' id='word_1_76' title='bbox 730 1696 848 1762; x_wconf 82' lang='lat' dir='ltr'>Codice</span> <span class='ocrx_word' id='word_1_77' title='bbox 866 1696 1021 1772; x_wconf 86' lang='lat' dir='ltr'>alterum,</span> <span class='ocrx_word' id='word_1_78' title='bbox 1043 1695 1104 1760; x_wconf 86' lang='lat' dir='ltr'>hoc</span> <span class='ocrx_word' id='word_1_79' title='bbox 1125 1695 1304 1770; x_wconf 90' lang='lat' dir='ltr'>obseruato,</span> 
     </span>
     <span class='ocr_line' id='line_1_11' title="bbox 226 1813 1305 1900; baseline -0.001 -22"><span class='ocrx_word' id='word_1_80' title='bbox 226 1817 311 1900; x_wconf 90' lang='lat' dir='ltr'>quod</span> <span class='ocrx_word' id='word_1_81' title='bbox 326 1838 421 1880; x_wconf 91' lang='lat' dir='ltr'>nemo</span> <span class='ocrx_word' id='word_1_82' title='bbox 433 1816 470 1879; x_wconf 90' lang='lat' dir='ltr'>in</span> <span class='ocrx_word' id='word_1_83' title='bbox 485 1815 746 1883; x_wconf 87' lang='lat' dir='ltr'>distinctionibus</span> <span class='ocrx_word' id='word_1_84' title='bbox 761 1826 952 1900; x_wconf 89' lang='lat' dir='ltr'>punctetur,</span> <span class='ocrx_word' id='word_1_85' title='bbox 977 1816 1033 1880; x_wconf 86' lang='lat' dir='ltr'>sed</span> <span class='ocrx_word' id='word_1_86' title='bbox 1053 1836 1178 1898; x_wconf 86' lang='lat' dir='ltr'>semper</span> <span class='ocrx_word' id='word_1_87' title='bbox 1197 1813 1305 1898; x_wconf 92' lang='lat' dir='ltr'>potius</span> 
     </span>
     <span class='ocr_line' id='line_1_12' title="bbox 226 1932 1306 2018; baseline -0.001 -21"><span class='ocrx_word' id='word_1_88' title='bbox 226 1936 258 1998; x_wconf 92' lang='lat' dir='ltr'>in</span> <span class='ocrx_word' id='word_1_89' title='bbox 283 1936 359 1999; x_wconf 90' lang='lat' dir='ltr'>locis</span> <span class='ocrx_word' id='word_1_90' title='bbox 380 1935 579 2013; x_wconf 75' lang='lat' dir='ltr'>ordinariis,</span> <span class='ocrx_word' id='word_1_91' title='bbox 598 1954 679 2018; x_wconf 81' lang='lat' dir='ltr'>quae</span> <span class='ocrx_word' id='word_1_92' title='bbox 695 1934 846 2007; x_wconf 67' lang='lat' dir='ltr'>,similiter</span> <span class='ocrx_word' id='word_1_93' title='bbox 866 1934 986 1998; x_wconf 88' lang='lat' dir='ltr'>seruari</span> <span class='ocrx_word' id='word_1_94' title='bbox 1008 1934 1156 1997; x_wconf 89' lang='lat' dir='ltr'>volumus</span> <span class='ocrx_word' id='word_1_95' title='bbox 1178 1943 1244 1997; x_wconf 89' lang='lat' dir='ltr'>tam</span> <span class='ocrx_word' id='word_1_96' title='bbox 1271 1932 1306 1996; x_wconf 90' lang='lat' dir='ltr'>in</span> 
     </span>
     <span class='ocr_line' id='line_1_13' title="bbox 225 2052 1307 2140; baseline -0.002 -21"><span class='ocrx_word' id='word_1_97' title='bbox 225 2055 421 2133; x_wconf 87' lang='lat' dir='ltr'>tentamine,</span> <span class='ocrx_word' id='word_1_98' title='bbox 452 2079 548 2140; x_wconf 91' lang='lat' dir='ltr'>quam</span> <span class='ocrx_word' id='word_1_99' title='bbox 570 2055 605 2119; x_wconf 89' lang='lat' dir='ltr'>in</span> <span class='ocrx_word' id='word_1_100' title='bbox 627 2054 785 2119; x_wconf 85' lang='lat' dir='ltr'>examine.</span> <span class='ocrx_word' id='word_1_101' title='bbox 823 2052 1027 2127; x_wconf 85' lang='lat' dir='ltr'>Licentiandi</span> <span class='ocrx_word' id='word_1_102' title='bbox 1054 2053 1162 2136; x_wconf 90' lang='lat' dir='ltr'>itaque</span> <span class='ocrx_word' id='word_1_103' title='bbox 1183 2074 1307 2138; x_wconf 90' lang='lat' dir='ltr'>semper</span> 
     </span>
     <span class='ocr_line' id='line_1_14' title="bbox 224 2172 1305 2258; baseline -0.001 -21"><span class='ocrx_word' id='word_1_104' title='bbox 224 2186 345 2258; x_wconf 90' lang='lat' dir='ltr'>puncta</span> <span class='ocrx_word' id='word_1_105' title='bbox 360 2175 495 2239; x_wconf 85' lang='lat' dir='ltr'>recitent</span> <span class='ocrx_word' id='word_1_106' title='bbox 509 2173 635 2238; x_wconf 88' lang='lat' dir='ltr'>circiter</span> <span class='ocrx_word' id='word_1_107' title='bbox 656 2174 767 2239; x_wconf 89' lang='lat' dir='ltr'>horam</span> <span class='ocrx_word' id='word_1_108' title='bbox 782 2183 929 2257; x_wconf 87' lang='lat' dir='ltr'>quartam</span> <span class='ocrx_word' id='word_1_109' title='bbox 950 2172 985 2236; x_wconf 93' lang='lat' dir='ltr'>in</span> <span class='ocrx_word' id='word_1_110' title='bbox 1000 2173 1070 2236; x_wconf 90' lang='lat' dir='ltr'>loco</span> <span class='ocrx_word' id='word_1_111' title='bbox 1085 2173 1216 2236; x_wconf 89' lang='lat' dir='ltr'>Decano</span> <span class='ocrx_word' id='word_1_112' title='bbox 1231 2194 1305 2237; x_wconf 89' lang='lat' dir='ltr'>con·</span> 
     </span>
     <span class='ocr_line' id='line_1_15' title="bbox 223 2291 1305 2378; baseline -0.001 -21"><span class='ocrx_word' id='word_1_113' title='bbox 223 2316 322 2377; x_wconf 83' lang='lat' dir='ltr'>grue,</span> <span class='ocrx_word' id='word_1_114' title='bbox 348 2296 389 2359; x_wconf 89' lang='lat' dir='ltr'>ad</span> <span class='ocrx_word' id='word_1_115' title='bbox 403 2317 498 2378; x_wconf 89' lang='lat' dir='ltr'>quem</span> <span class='ocrx_word' id='word_1_116' title='bbox 513 2304 669 2359; x_wconf 84' lang='lat' dir='ltr'>conuocat</span> <span class='ocrx_word' id='word_1_117' title='bbox 683 2295 837 2358; x_wconf 88' lang='lat' dir='ltr'>Doctores</span> <span class='ocrx_word' id='word_1_118' title='bbox 851 2315 908 2377; x_wconf 90' lang='lat' dir='ltr'>per</span> <span class='ocrx_word' id='word_1_119' title='bbox 930 2292 1117 2357; x_wconf 87' lang='lat' dir='ltr'>schedulam</span> <span class='ocrx_word' id='word_1_120' title='bbox 1139 2291 1305 2357; x_wconf 89' lang='lat' dir='ltr'>continen-</span> 
     </span>
     <span class='ocr_line' id='line_1_16' title="bbox 225 2411 1306 2508; baseline -0.001 -31"><span class='ocrx_word' id='word_1_121' title='bbox 225 2426 287 2477; x_wconf 89' lang='lat' dir='ltr'>tem</span> <span class='ocrx_word' id='word_1_122' title='bbox 316 2427 436 2498; x_wconf 88' lang='lat' dir='ltr'>puncta</span> <span class='ocrx_word' id='word_1_123' title='bbox 463 2415 523 2477; x_wconf 92' lang='lat' dir='ltr'>sub</span> <span class='ocrx_word' id='word_1_124' title='bbox 544 2436 648 2508; x_wconf 86' lang='lat' dir='ltr'>poena</span> <span class='ocrx_word' id='word_1_125' title='bbox 669 2412 860 2497; x_wconf 69' lang='lat' dir='ltr'>minationis</span> <span class='ocrx_word' id='word_1_126' title='bbox 888 2411 995 2478; x_wconf 87' lang='lat' dir='ltr'>salarii</span> <span class='ocrx_word' id='word_1_127' title='bbox 1017 2434 1058 2477; x_wconf 90' lang='lat' dir='ltr'>ex</span> <span class='ocrx_word' id='word_1_128' title='bbox 1079 2413 1137 2476; x_wconf 87' lang='lat' dir='ltr'>tali</span> <span class='ocrx_word' id='word_1_129' title='bbox 1158 2413 1306 2477; x_wconf 88' lang='lat' dir='ltr'>examine</span> 
     </span>
     <span class='ocr_line' id='line_1_17' title="bbox 223 2531 1376 2617; baseline -0.001 -21"><span class='ocrx_word' id='word_1_130' title='bbox 223 2535 451 2617; x_wconf 86' lang='lat' dir='ltr'>consequendi.</span> <span class='ocrx_word' id='word_1_131' title='bbox 490 2535 693 2599; x_wconf 83' lang='lat' dir='ltr'>Adueniente</span> <span class='ocrx_word' id='word_1_132' title='bbox 721 2534 800 2598; x_wconf 89' lang='lat' dir='ltr'>hora</span> <span class='ocrx_word' id='word_1_133' title='bbox 825 2531 982 2597; x_wconf 86' lang='lat' dir='ltr'>examinis</span> <span class='ocrx_word' id='word_1_134' title='bbox 1009 2532 1160 2599; x_wconf 84' lang='lat' dir='ltr'>inuocato</span> <span class='ocrx_word' id='word_1_135' title='bbox 1181 2532 1305 2596; x_wconf 91' lang='lat' dir='ltr'>Diuino</span> <span class='ocrx_word' id='word_1_136' title='bbox 1375 2532 1376 2535; x_wconf 67' lang='grc'>’</span> 
     </span>
     <span class='ocr_line' id='line_1_18' title="bbox 224 2653 1303 2738; baseline 0 -22"><span class='ocrx_word' id='word_1_137' title='bbox 224 2653 344 2717; x_wconf 89' lang='lat' dir='ltr'>auxilio</span> <span class='ocrx_word' id='word_1_138' title='bbox 359 2675 433 2717; x_wconf 92' lang='lat' dir='ltr'>cum</span> <span class='ocrx_word' id='word_1_139' title='bbox 449 2654 537 2718; x_wconf 91' lang='lat' dir='ltr'>omni</span> <span class='ocrx_word' id='word_1_140' title='bbox 551 2653 735 2717; x_wconf 84' lang='lat' dir='ltr'>maturitate</span> <span class='ocrx_word' id='word_1_141' title='bbox 749 2653 985 2737; x_wconf 87' lang='lat' dir='ltr'>promouendus</span> <span class='ocrx_word' id='word_1_142' title='bbox 1006 2674 1065 2717; x_wconf 89' lang='lat' dir='ltr'>sua</span> <span class='ocrx_word' id='word_1_143' title='bbox 1085 2664 1207 2738; x_wconf 84' lang='lat' dir='ltr'>puncta</span> <span class='ocrx_word' id='word_1_144' title='bbox 1225 2653 1303 2717; x_wconf 88' lang='lat' dir='ltr'>reci-</span> 
     </span>
     <span class='ocr_line' id='line_1_19' title="bbox 224 2770 1305 2857; baseline 0.001 -21"><span class='ocrx_word' id='word_1_145' title='bbox 224 2784 280 2836; x_wconf 86' lang='lat' dir='ltr'>tet.</span> <span class='ocrx_word' id='word_1_146' title='bbox 309 2772 430 2837; x_wconf 84' lang='lat' dir='ltr'>Contra</span> <span class='ocrx_word' id='word_1_147' title='bbox 445 2795 540 2857; x_wconf 91' lang='lat' dir='ltr'>quem</span> <span class='ocrx_word' id='word_1_148' title='bbox 555 2775 686 2851; x_wconf 87' lang='lat' dir='ltr'>tandem</span> <span class='ocrx_word' id='word_1_149' title='bbox 699 2784 866 2857; x_wconf 88' lang='lat' dir='ltr'>opponant</span> <span class='ocrx_word' id='word_1_150' title='bbox 880 2774 1033 2838; x_wconf 86' lang='lat' dir='ltr'>Doctores</span> <span class='ocrx_word' id='word_1_151' title='bbox 1050 2780 1179 2849; x_wconf 84' lang='lat' dir='ltr'>omnes,</span> <span class='ocrx_word' id='word_1_152' title='bbox 1197 2770 1248 2836; x_wconf 89' lang='lat' dir='ltr'>vel</span> <span class='ocrx_word' id='word_1_153' title='bbox 1263 2773 1305 2837; x_wconf 90' lang='lat' dir='ltr'>ad</span> 
     </span>
     <span class='ocr_line' id='line_1_20' title="bbox 222 2892 1303 2978; baseline 0.001 -23"><span class='ocrx_word' id='word_1_154' title='bbox 222 2892 331 2956; x_wconf 90' lang='lat' dir='ltr'>minus</span> <span class='ocrx_word' id='word_1_155' title='bbox 346 2914 455 2956; x_wconf 89' lang='lat' dir='ltr'>eorum</span> <span class='ocrx_word' id='word_1_156' title='bbox 474 2903 555 2969; x_wconf 89' lang='lat' dir='ltr'>tres,</span> <span class='ocrx_word' id='word_1_157' title='bbox 572 2893 755 2978; x_wconf 89' lang='lat' dir='ltr'>incipiendo</span> <span class='ocrx_word' id='word_1_158' title='bbox 771 2915 790 2957; x_wconf 87' lang='lat' dir='ltr'>a</span> <span class='ocrx_word' id='word_1_159' title='bbox 805 2892 941 2956; x_wconf 88' lang='lat' dir='ltr'>iuniore.</span> <span class='ocrx_word' id='word_1_160' title='bbox 973 2892 1009 2956; x_wconf 89' lang='lat' dir='ltr'>Si</span> <span class='ocrx_word' id='word_1_161' title='bbox 1025 2902 1102 2956; x_wconf 89' lang='lat' dir='ltr'>tunc</span> <span class='ocrx_word' id='word_1_162' title='bbox 1118 2892 1221 2956; x_wconf 87' lang='lat' dir='ltr'>visum</span> <span class='ocrx_word' id='word_1_163' title='bbox 1236 2892 1303 2957; x_wconf 88' lang='lat' dir='ltr'>fue·</span> 
     </span>
     <span class='ocr_line' id='line_1_21' title="bbox 222 3011 1304 3096; baseline 0 -22"><span class='ocrx_word' id='word_1_164' title='bbox 222 3012 265 3076; x_wconf 89' lang='lat' dir='ltr'>rit</span> <span class='ocrx_word' id='word_1_165' title='bbox 287 3012 401 3076; x_wconf 88' lang='lat' dir='ltr'>maiori</span> <span class='ocrx_word' id='word_1_166' title='bbox 421 3012 504 3096; x_wconf 83' lang='lat' dir='ltr'>par‘ti</span> <span class='ocrx_word' id='word_1_167' title='bbox 526 3013 702 3077; x_wconf 86' lang='lat' dir='ltr'>Doctorum</span> <span class='ocrx_word' id='word_1_168' title='bbox 728 3013 933 3078; x_wconf 86' lang='lat' dir='ltr'>examinatus</span> <span class='ocrx_word' id='word_1_169' title='bbox 957 3013 992 3076; x_wconf 92' lang='lat' dir='ltr'>in</span> <span class='ocrx_word' id='word_1_170' title='bbox 1019 3011 1147 3076; x_wconf 90' lang='lat' dir='ltr'>nomine</span> <span class='ocrx_word' id='word_1_171' title='bbox 1171 3012 1304 3077; x_wconf 91' lang='lat' dir='ltr'>Domini</span> 
     </span>
     <span class='ocr_line' id='line_1_22' title="bbox 222 3131 1302 3217; baseline 0.001 -22"><span class='ocrx_word' id='word_1_172' title='bbox 222 3133 412 3196; x_wconf 87' lang='lat' dir='ltr'>admittatur</span> <span class='ocrx_word' id='word_1_173' title='bbox 427 3133 462 3195; x_wconf 90' lang='lat' dir='ltr'>in</span> <span class='ocrx_word' id='word_1_174' title='bbox 476 3131 779 3210; x_wconf 87' lang='lat' dir='ltr'>Baccalaureatum,</span> <span class='ocrx_word' id='word_1_175' title='bbox 804 3132 853 3197; x_wconf 88' lang='lat' dir='ltr'>vel</span> <span class='ocrx_word' id='word_1_176' title='bbox 876 3143 1028 3201; x_wconf 80' lang='lat' dir='ltr'>tentatus,</span> <span class='ocrx_word' id='word_1_177' title='bbox 1039 3131 1079 3197; x_wconf 86' lang='lat' dir='ltr'>ad</span> <span class='ocrx_word' id='word_1_178' title='bbox 1094 3153 1227 3197; x_wconf 86' lang='lat' dir='ltr'>examen</span> <span class='ocrx_word' id='word_1_179' title='bbox 1243 3155 1302 3217; x_wconf 90' lang='lat' dir='ltr'>pu·</span> 
     </span>
     <span class='ocr_line' id='line_1_23' title="bbox 220 3251 1302 3337; baseline 0.001 -22"><span class='ocrx_word' id='word_1_180' title='bbox 220 3252 361 3328; x_wconf 90' lang='lat' dir='ltr'>blicum,</span> <span class='ocrx_word' id='word_1_181' title='bbox 386 3251 431 3315; x_wconf 92' lang='lat' dir='ltr'>ita</span> <span class='ocrx_word' id='word_1_182' title='bbox 446 3264 573 3329; x_wconf 88' lang='lat' dir='ltr'>tamen,</span> <span class='ocrx_word' id='word_1_183' title='bbox 597 3254 683 3336; x_wconf 91' lang='lat' dir='ltr'>quod</span> <span class='ocrx_word' id='word_1_184' title='bbox 697 3265 917 3337; x_wconf 87' lang='lat' dir='ltr'>praesentetur</span> <span class='ocrx_word' id='word_1_185' title='bbox 931 3251 1150 3329; x_wconf 83' lang='lat' dir='ltr'>Cancellario,</span> <span class='ocrx_word' id='word_1_186' title='bbox 1179 3252 1236 3335; x_wconf 92' lang='lat' dir='ltr'>qui</span> <span class='ocrx_word' id='word_1_187' title='bbox 1257 3251 1302 3316; x_wconf 93' lang='lat' dir='ltr'>lo·</span> 
     </span>
    </p>
   </div>
   <div class='ocr_carea' id='block_1_3' title="bbox 221 3370 1302 3457">
    <p class='ocr_par' dir='ltr' id='par_1_3' title="bbox 221 3370 1302 3457">
     <span class='ocr_line' id='line_1_24' title="bbox 221 3370 1302 3457; baseline 0.002 -24"><span class='ocrx_word' id='word_1_188' title='bbox 221 3391 295 3434; x_wconf 91' lang='lat' dir='ltr'>cum</span> <span class='ocrx_word' id='word_1_189' title='bbox 311 3382 343 3434; x_wconf 90' lang='lat' dir='ltr'>et</span> <span class='ocrx_word' id='word_1_190' title='bbox 364 3372 450 3436; x_wconf 91' lang='lat' dir='ltr'>diem</span> <span class='ocrx_word' id='word_1_191' title='bbox 471 3395 530 3456; x_wconf 91' lang='lat' dir='ltr'>pro</span> <span class='ocrx_word' id='word_1_192' title='bbox 552 3373 700 3437; x_wconf 87' lang='lat' dir='ltr'>examine</span> <span class='ocrx_word' id='word_1_193' title='bbox 721 3372 864 3457; x_wconf 78' lang='lat' dir='ltr'>assignet</span> <span class='ocrx_word' id='word_1_194' title='bbox 884 3372 1153 3455; x_wconf 82' lang='lat' dir='ltr'>examinandique</span> <span class='ocrx_word' id='word_1_195' title='bbox 1175 3370 1302 3456; x_wconf 88' lang='lat' dir='ltr'>publice</span> 
     </span>
    </p>
   </div>
   <div class='ocr_carea' id='block_1_4' title="bbox 121 3489 1302 3569">
    <p class='ocr_par' dir='ltr' id='par_1_4' title="bbox 121 3489 1302 3569">
     <span class='ocr_line' id='line_1_25' title="bbox 121 3489 1302 3569; baseline 0 -14"><span class='ocrx_word' id='word_1_196' title='bbox 121 3548 124 3555; x_wconf 86' lang='lat'><strong>.</strong></span> <span class='ocrx_word' id='word_1_197' title='bbox 221 3489 406 3555; x_wconf 80' lang='lat' dir='ltr'>facultatem</span> <span class='ocrx_word' id='word_1_198' title='bbox 426 3529 469 3540; x_wconf 89' lang='lat'><em>—</em></span> <span class='ocrx_word' id='word_1_199' title='bbox 490 3491 546 3556; x_wconf 91' lang='lat' dir='ltr'>ubi</span> <span class='ocrx_word' id='word_1_200' title='bbox 567 3491 684 3557; x_wconf 88' lang='lat' dir='ltr'>iterum</span> <span class='ocrx_word' id='word_1_201' title='bbox 706 3494 814 3557; x_wconf 91' lang='lat' dir='ltr'>omnia</span> <span class='ocrx_word' id='word_1_202' title='bbox 833 3495 1062 3569; x_wconf 89' lang='lat' dir='ltr'>obseruentur,</span> <span class='ocrx_word' id='word_1_203' title='bbox 1085 3502 1123 3555; x_wconf 93' lang='lat' dir='ltr'>ut</span> <span class='ocrx_word' id='word_1_204' title='bbox 1142 3491 1177 3555; x_wconf 92' lang='lat' dir='ltr'>in</span> <span class='ocrx_word' id='word_1_205' title='bbox 1200 3502 1302 3555; x_wconf 89' lang='lat' dir='ltr'>tenta·</span> 
     </span>
    </p>
   </div>
   <div class='ocr_carea' id='block_1_5' title="bbox 220 3610 1301 4190">
    <p class='ocr_par' dir='ltr' id='par_1_5' title="bbox 220 3610 1301 4190">
     <span class='ocr_line' id='line_1_26' title="bbox 220 3610 1301 3696; baseline 0.001 -23"><span class='ocrx_word' id='word_1_206' title='bbox 220 3610 307 3673; x_wconf 90' lang='lat' dir='ltr'>mine</span> <span class='ocrx_word' id='word_1_207' title='bbox 321 3649 364 3659; x_wconf 91' lang='lat'>—</span> <span class='ocrx_word' id='word_1_208' title='bbox 380 3611 511 3675; x_wconf 89' lang='lat' dir='ltr'>tribuat.</span> <span class='ocrx_word' id='word_1_209' title='bbox 541 3613 753 3696; x_wconf 84' lang='lat' dir='ltr'>Comprobato</span> <span class='ocrx_word' id='word_1_210' title='bbox 769 3611 979 3677; x_wconf 84' lang='lat' dir='ltr'>Licentiando</span> <span class='ocrx_word' id='word_1_211' title='bbox 987 3661 997 3690; x_wconf 94' lang='lat'>,</span> <span class='ocrx_word' id='word_1_212' title='bbox 1015 3611 1179 3677; x_wconf 89' lang='lat' dir='ltr'>licentiam</span> <span class='ocrx_word' id='word_1_213' title='bbox 1194 3612 1301 3675; x_wconf 90' lang='lat' dir='ltr'>docto·</span> 
     </span>
     <span class='ocr_line' id='line_1_27' title="bbox 221 3728 1300 3810; baseline 0.003 -19"><span class='ocrx_word' id='word_1_214' title='bbox 221 3728 313 3792; x_wconf 90' lang='lat' dir='ltr'>randi</span> <span class='ocrx_word' id='word_1_215' title='bbox 329 3730 359 3792; x_wconf 91' lang='lat' dir='ltr'>ei</span> <span class='ocrx_word' id='word_1_216' title='bbox 379 3732 502 3794; x_wconf 83' lang='lat' dir='ltr'>confert</span> <span class='ocrx_word' id='word_1_217' title='bbox 517 3731 677 3794; x_wconf 89' lang='lat' dir='ltr'>Dominus</span> <span class='ocrx_word' id='word_1_218' title='bbox 699 3731 936 3810; x_wconf 78' lang='lat' dir='ltr'>cancellarius,</span> <span class='ocrx_word' id='word_1_219' title='bbox 962 3731 1013 3796; x_wconf 82' lang='lat' dir='ltr'>vel</span> <span class='ocrx_word' id='word_1_220' title='bbox 1035 3732 1104 3796; x_wconf 91' lang='lat' dir='ltr'>eius</span> <span class='ocrx_word' id='word_1_221' title='bbox 1127 3731 1233 3795; x_wconf 89' lang='lat' dir='ltr'>locum</span> <span class='ocrx_word' id='word_1_222' title='bbox 1255 3742 1300 3794; x_wconf 88' lang='lat' dir='ltr'>te·</span> 
     </span>
     <span class='ocr_line' id='line_1_28' title="bbox 220 3849 1301 3936; baseline 0.002 -25"><span class='ocrx_word' id='word_1_223' title='bbox 220 3871 311 3915; x_wconf 85' lang='lat' dir='ltr'>nens.</span> <span class='ocrx_word' id='word_1_224' title='bbox 353 3851 458 3917; x_wconf 86' lang='lat' dir='ltr'>Quem</span> <span class='ocrx_word' id='word_1_225' title='bbox 479 3852 688 3916; x_wconf 86' lang='lat' dir='ltr'>Doctoratum</span> <span class='ocrx_word' id='word_1_226' title='bbox 712 3852 828 3936; x_wconf 87' lang='lat' dir='ltr'>poterit</span> <span class='ocrx_word' id='word_1_227' title='bbox 848 3874 1009 3915; x_wconf 89' lang='lat' dir='ltr'>assumere</span> <span class='ocrx_word' id='word_1_228' title='bbox 1030 3853 1141 3915; x_wconf 90' lang='lat' dir='ltr'>eodem</span> <span class='ocrx_word' id='word_1_229' title='bbox 1157 3851 1224 3928; x_wconf 89' lang='lat' dir='ltr'>die,</span> <span class='ocrx_word' id='word_1_230' title='bbox 1250 3849 1301 3913; x_wconf 89' lang='lat' dir='ltr'>vel</span> 
     </span>
     <span class='ocr_line' id='line_1_29' title="bbox 220 3956 1299 4052; baseline 0.003 -22"><span class='ocrx_word' id='word_1_231' title='bbox 220 3968 336 4044; x_wconf 89' lang='lat' dir='ltr'>altero,</span> <span class='ocrx_word' id='word_1_232' title='bbox 354 3980 450 4052; x_wconf 90' lang='lat' dir='ltr'>prout</span> <span class='ocrx_word' id='word_1_233' title='bbox 464 3969 570 4034; x_wconf 86' lang='lat' dir='ltr'>visum</span> <span class='ocrx_word' id='word_1_234' title='bbox 592 3971 689 4035; x_wconf 86' lang='lat' dir='ltr'>fuerit</span> <span class='ocrx_word' id='word_1_235' title='bbox 703 3971 873 4035; x_wconf 85' lang='lat' dir='ltr'>Facultati.</span> <span class='ocrx_word' id='word_1_236' title='bbox 913 3973 956 4036; x_wconf 85' lang='lat' dir='ltr'>Et</span> <span class='ocrx_word' id='word_1_237' title='bbox 979 3983 1056 4035; x_wconf 88' lang='lat' dir='ltr'>tunc</span> <span class='ocrx_word' id='word_1_238' title='bbox 1072 3972 1112 4036; x_wconf 89' lang='lat' dir='ltr'>ad</span> <span class='ocrx_word' id='word_1_239' title='bbox 1128 3956 1299 4035; x_wconf 85' lang='lat' dir='ltr'>Baccalau·</span> 
     </span>
     <span class='ocr_line' id='line_1_30' title="bbox 220 4088 1300 4190; baseline 0.003 -40"><span class='ocrx_word' id='word_1_240' title='bbox 220 4099 343 4152; x_wconf 89' lang='lat' dir='ltr'>reatum</span> <span class='ocrx_word' id='word_1_241' title='bbox 359 4089 409 4153; x_wconf 90' lang='lat' dir='ltr'>vel</span> <span class='ocrx_word' id='word_1_242' title='bbox 425 4088 602 4154; x_wconf 87' lang='lat' dir='ltr'>Licentiam</span> <span class='ocrx_word' id='word_1_243' title='bbox 618 4091 862 4190; x_wconf 81' lang='lat' dir='ltr'>praeeuntibus,</span> <span class='ocrx_word' id='word_1_244' title='bbox 881 4092 922 4155; x_wconf 87' lang='lat' dir='ltr'>ad</span> <span class='ocrx_word' id='word_1_245' title='bbox 937 4092 1045 4156; x_wconf 88' lang='lat' dir='ltr'>aulam</span> <span class='ocrx_word' id='word_1_246' title='bbox 1060 4112 1133 4156; x_wconf 88' lang='lat' dir='ltr'>vero</span> <span class='ocrx_word' id='word_1_247' title='bbox 1148 4092 1300 4156; x_wconf 89' lang='lat' dir='ltr'>Doctora·</span> 
     </span>
    </p>
   </div>
   <div class='ocr_carea' id='block_1_6' title="bbox 0 0 1590 5212">
    <p class='ocr_par' dir='ltr' id='par_1_6' title="bbox 0 0 1590 5212">
     <span class='ocr_line' id='line_1_31' title="bbox 0 0 1590 5212; baseline 0 3"><span class='ocrx_word' id='word_1_248' title='bbox 0 0 1590 5212; x_wconf 95' lang='lat' dir='ltr'> </span> 
     </span>
    </p>
   </div>
  </div>
 </body>
</html>
